Upbit,2023-11-07,09:46:47.000000,XRP,bid,916,1000,458,916000
Upbit,2023-11-07,09:46:34.000000,XRP,ask,916,100,45.8,91600
Upbit,2023-11-07,09:46:33.000000,XRP,ask,917,100,45.85,91700
Upbit,2023-11-07,09:45:45.000000,XRP,ask,915,100,45.75,91500
Upbit,2023-11-07,09:45:44.000000,XRP,ask,915,100,45.75,91500
Upbit,2023-11-07,09:45:32.000000,XRP,ask,915,100,45.75,91500
Upbit,2023-11-07,09:45:32.000000,XRP,ask,915,100,45.75,91500
Upbit,2023-11-07,09:45:31.000000,XRP,ask,915,100,45.75,91500
Upbit,2023-11-07,09:45:30.000000,XRP,ask,915,100,45.75,91500
Upbit,2023-11-07,09:45:26.000000,XRP,ask,915,100,45.75,91500
Upbit,2023-11-07,09:45:25.000000,XRP,ask,915,100,45.75,91500
Upbit,2023-11-07,09:45:25.000000,XRP,ask,915,100,45.75,91500
Upbit,2023-11-07,09:45:09.000000,XRP,bid,915,1000,457.5,915000
Upbit,2023-11-07,09:44:45.000000,XRP,ask,914,100,45.7,91400
Upbit,2023-11-07,09:44:44.000000,XRP,ask,914,100,45.7,91400
Upbit,2023-11-07,09:44:43.000000,XRP,ask,915,100,45.75,91500
Upbit,2023-11-07,09:44:42.000000,XRP,ask,915,100,45.75,91500
Upbit,2023-11-07,09:44:42.000000,XRP,ask,915,100,45.75,91500
Upbit,2023-11-07,09:44:41.000000,XRP,ask,915,100,45.75,91500
Upbit,2023-11-07,09:44:41.000000,XRP,ask,915,100,45.75,91500
Upbit,2023-11-07,09:43:57.000000,XRP,bid,914,1000,457,914000
Upbit,2023-11-07,09:43:43.000000,XRP,ask,914,100,45.7,91400
Upbit,2023-11-07,09:43:40.000000,XRP,ask,913,100,45.65,91300
Upbit,2023-11-07,09:43:37.000000,XRP,ask,913,100,45.65,91300
Upbit,2023-11-07,09:43:36.000000,XRP,ask,913,100,45.65,91300
Upbit,2023-11-07,09:43:35.000000,XRP,ask,913,100,45.65,91300
Upbit,2023-11-07,09:43:35.000000,XRP,ask,913,100,45.65,91300
Upbit,2023-11-07,09:43:16.000000,XRP,ask,912,100,45.6,91200
Upbit,2023-11-07,09:41:46.000000,XRP,ask,906,100,45.3,90600
Upbit,2023-11-07,09:41:44.000000,XRP,ask,906,100,45.3,90600
Upbit,2023-11-07,09:41:44.000000,XRP,ask,906,100,45.3,90600
Upbit,2023-11-07,09:41:17.000000,XRP,bid,910,1000,455,910000
Upbit,2023-11-07,09:41:13.000000,XRP,ask,909,100,45.45,90900
Upbit,2023-11-07,09:41:12.000000,XRP,ask,909,100,45.45,90900
Upbit,2023-11-07,09:41:11.000000,XRP,ask,909,100,45.45,90900
Upbit,2023-11-07,09:41:11.000000,XRP,ask,909,100,45.45,90900
Upbit,2023-11-07,09:41:10.000000,XRP,ask,910,100,45.5,91000
Upbit,2023-11-07,09:41:09.000000,XRP,ask,910,100,45.5,91000
Upbit,2023-11-07,09:40:52.000000,XRP,ask,914,100,45.7,91400
Upbit,2023-11-07,09:40:51.000000,XRP,ask,914,100,45.7,91400
Upbit,2023-11-07,09:40:21.000000,XRP,ask,916,100,45.8,91600
Upbit,2023-11-07,09:38:04.000000,XRP,bid,921,1000,460.5,921000
Upbit,2023-11-07,09:37:31.000000,XRP,ask,920,100,46,92000
Upbit,2023-11-07,09:37:30.000000,XRP,ask,921,100,46.05,92100
Upbit,2023-11-07,09:37:30.000000,XRP,ask,921,100,46.05,92100
Upbit,2023-11-07,09:37:29.000000,XRP,ask,920,100,46,92000
Upbit,2023-11-07,09:37:28.000000,XRP,ask,921,100,46.05,92100
Upbit,2023-11-07,09:37:02.000000,XRP,bid,918,1000,459,918000
Upbit,2023-11-07,09:37:01.000000,XRP,bid,918,1000,459,918000
Upbit,2023-11-07,09:36:58.000000,XRP,bid,918,1000,459,918000
Upbit,2023-11-07,09:36:56.000000,XRP,bid,918,1000,459,918000
Upbit,2023-11-07,09:36:55.000000,XRP,bid,918,1000,459,918000
Upbit,2023-11-07,09:36:26.000000,XRP,ask,917,100,45.85,91700
Upbit,2023-11-07,09:36:25.000000,XRP,ask,917,100,45.85,91700
Upbit,2023-11-07,09:36:24.000000,XRP,ask,916,100,45.8,91600
Upbit,2023-11-07,09:36:24.000000,XRP,ask,916,100,45.8,91600
Upbit,2023-11-07,09:36:23.000000,XRP,ask,916,100,45.8,91600
Upbit,2023-11-07,09:36:22.000000,XRP,ask,915,100,45.75,91500
Upbit,2023-11-07,09:36:21.000000,XRP,ask,915,100,45.75,91500
Upbit,2023-11-07,09:36:20.000000,XRP,ask,915,100,45.75,91500
Upbit,2023-11-07,09:36:15.000000,XRP,ask,913,100,45.65,91300
Upbit,2023-11-07,09:36:10.000000,XRP,ask,913,100,45.65,91300
Upbit,2023-11-07,09:36:10.000000,XRP,ask,913,100,45.65,91300
Upbit,2023-11-07,09:36:09.000000,XRP,ask,912,100,45.6,91200
Upbit,2023-11-07,09:36:08.000000,XRP,ask,913,100,45.65,91300
Upbit,2023-11-07,09:36:07.000000,XRP,ask,912,100,45.6,91200
Upbit,2023-11-07,09:36:07.000000,XRP,ask,913,100,45.65,91300
Upbit,2023-11-07,09:36:06.000000,XRP,ask,913,100,45.65,91300
Upbit,2023-11-07,09:36:05.000000,XRP,ask,911,100,45.55,91100
Upbit,2023-11-07,09:36:04.000000,XRP,ask,913,100,45.65,91300
Upbit,2023-11-07,09:36:02.000000,XRP,ask,912,100,45.6,91200
Upbit,2023-11-07,09:36:01.000000,XRP,ask,911,100,45.55,91100
Upbit,2023-11-07,09:36:01.000000,XRP,ask,911,100,45.55,91100
Upbit,2023-11-07,09:35:59.000000,XRP,ask,910,100,45.5,91000
Upbit,2023-11-07,09:35:58.000000,XRP,ask,910,100,45.5,91000
Upbit,2023-11-07,09:35:57.000000,XRP,ask,910,100,45.5,91000
Upbit,2023-11-07,09:35:56.000000,XRP,ask,909,100,45.45,90900
Upbit,2023-11-07,09:35:56.000000,XRP,ask,909,100,45.45,90900
Upbit,2023-11-07,09:35:55.000000,XRP,ask,909,100,45.45,90900
Upbit,2023-11-07,09:35:55.000000,XRP,ask,909,100,45.45,90900
Upbit,2023-11-07,09:35:54.000000,XRP,ask,908,100,45.4,90800
Upbit,2023-11-07,09:35:53.000000,XRP,ask,908,100,45.4,90800
Upbit,2023-11-07,09:35:53.000000,XRP,ask,908,100,45.4,90800
Upbit,2023-11-07,09:35:52.000000,XRP,ask,908,100,45.4,90800
Upbit,2023-11-07,09:35:50.000000,XRP,ask,907,100,45.35,90700
Upbit,2023-11-07,09:35:50.000000,XRP,ask,907,100,45.35,90700
Upbit,2023-11-07,09:35:47.000000,XRP,ask,906,100,45.3,90600
Upbit,2023-11-07,09:43:15.000000,XRP,ask,913,100,45.65,91300
Upbit,2023-11-07,09:43:12.000000,XRP,ask,912,100,45.6,91200
Upbit,2023-11-07,09:43:07.000000,XRP,ask,912,100,45.6,91200
Upbit,2023-11-07,09:41:45.000000,XRP,ask,906,100,45.3,90600
Upbit,2023-11-07,09:41:45.000000,XRP,ask,906,100,45.3,90600
Upbit,2023-11-07,09:36:09.000000,XRP,ask,913,100,45.65,91300
Upbit,2023-11-07,09:36:00.000000,XRP,ask,911,100,45.55,91100
Upbit,2023-11-07,09:36:00.000000,XRP,ask,911,100,45.55,91100
Upbit,2023-11-07,09:35:51.000000,XRP,ask,907,100,45.35,90700
Upbit,2023-11-07,09:35:51.000000,XRP,ask,907,100,45.35,90700
bithumb,2023-11-07,09:46:47.316245,XRP,ask,918.1,1000.0,0,918100
bithumb,2023-11-07,09:46:34.271498,XRP,bid,916,100.0,0,91600
bithumb,2023-11-07,09:46:33.622142,XRP,bid,916,100.0,0,91600
bithumb,2023-11-07,09:45:45.659265,XRP,bid,914.5,100.0,0,91450
bithumb,2023-11-07,09:45:44.367900,XRP,bid,915.2,4.0193,0,3678
bithumb,2023-11-07,09:45:44.367860,XRP,bid,915.1,95.9807,0,87831
bithumb,2023-11-07,09:45:32.948204,XRP,bid,914.3,100.0,0,91430
bithumb,2023-11-07,09:45:32.401671,XRP,bid,914.1,100.0,0,91410
bithumb,2023-11-07,09:45:31.234133,XRP,bid,914.1,100.0,0,91410
bithumb,2023-11-07,09:45:30.575671,XRP,bid,914.1,100.0,0,91410
bithumb,2023-11-07,09:45:26.462510,XRP,bid,914,100.0,0,91400
bithumb,2023-11-07,09:45:25.849501,XRP,bid,914,100.0,0,91400
bithumb,2023-11-07,09:45:25.298867,XRP,bid,914,100.0,0,91400
bithumb,2023-11-07,09:45:08.985445,XRP,ask,915.5,1000.0,0,915500
bithumb,2023-11-07,09:44:45.160055,XRP,bid,914.2,100.0,0,91420
bithumb,2023-11-07,09:44:44.238815,XRP,bid,914.1,100.0,0,91410
bithumb,2023-11-07,09:44:43.380755,XRP,bid,914.2,100.0,0,91420
bithumb,2023-11-07,09:44:42.897796,XRP,bid,914.1,69.7267,0,63737
bithumb,2023-11-07,09:44:42.897770,XRP,bid,913.9,30.2733,0,27666
bithumb,2023-11-07,09:44:42.334620,XRP,bid,914,12.4487,0,11378
Upbit,2023-11-07,09:35:49.000000,XRP,ask,907,100,45.35,90700
Upbit,2023-11-07,09:54:50.000000,XRP,ask,922,100,46.1,92200
Upbit,2023-11-07,09:54:49.000000,XRP,ask,922,100,46.1,92200
bithumb,2023-11-07,09:54:50.341620,XRP,bid,921,100.0,0,92100
bithumb,2023-11-07,09:54:49.475161,XRP,bid,921.2,100.0,0,92120
Upbit,2023-11-07,09:55:01.000000,XRP,ask,921,100,46.05,92100
Upbit,2023-11-07,09:54:59.000000,XRP,ask,922,100,46.1,92200
Upbit,2023-11-07,09:54:51.000000,XRP,ask,922,100,46.1,92200
bithumb,2023-11-07,09:55:01.242385,XRP,bid,920.9,100.0,0,92090
bithumb,2023-11-07,09:54:59.559294,XRP,bid,921.1,100.0,0,92110
bithumb,2023-11-07,09:54:51.681848,XRP,bid,921.2,100.0,0,92120
bithumb,2023-11-07,09:54:51.157784,XRP,bid,921.1,100.0,0,92110
Upbit,2023-11-07,09:55:16.000000,XRP,ask,922,100,46.1,92200
Upbit,2023-11-07,09:55:13.000000,XRP,ask,921,100,46.05,92100
bithumb,2023-11-07,09:55:17.031301,XRP,bid,921.1,100.0,0,92110
bithumb,2023-11-07,09:55:13.233325,XRP,bid,920.1,100.0,0,92010
Upbit,2023-11-07,09:56:13.000000,XRP,ask,925,100,46.25,92500
Upbit,2023-11-07,09:56:12.000000,XRP,ask,926,100,46.3,92600
bithumb,2023-11-07,09:56:14.130603,XRP,bid,925.2,100.0,0,92520
bithumb,2023-11-07,09:56:13.038124,XRP,bid,925.2,100.0,0,92520
Upbit,2023-11-07,09:56:47.000000,XRP,bid,927,1000,463.5,927000
bithumb,2023-11-07,09:56:46.928905,XRP,ask,927.3,1000.0,0,927300
Upbit,2023-11-07,09:57:07.000000,XRP,ask,926,100,46.3,92600
Upbit,2023-11-07,09:57:07.000000,XRP,ask,927,100,46.35,92700
Upbit,2023-11-07,09:57:06.000000,XRP,ask,927,100,46.35,92700
bithumb,2023-11-07,09:57:08.015178,XRP,bid,925.8,100.0,0,92580
bithumb,2023-11-07,09:57:07.416001,XRP,bid,925.9,100.0,0,92590
bithumb,2023-11-07,09:57:06.832445,XRP,bid,926.1,100.0,0,92610
Upbit,2023-11-07,09:57:27.000000,XRP,ask,926,100,46.3,92600
Upbit,2023-11-07,09:57:21.000000,XRP,ask,926,100,46.3,92600
Upbit,2023-11-07,09:57:20.000000,XRP,ask,926,100,46.3,92600
Upbit,2023-11-07,09:57:19.000000,XRP,ask,927,100,46.35,92700
Upbit,2023-11-07,09:57:18.000000,XRP,ask,927,100,46.35,92700
Upbit,2023-11-07,09:57:12.000000,XRP,ask,927,100,46.35,92700
Upbit,2023-11-07,09:57:10.000000,XRP,ask,926,100,46.3,92600
bithumb,2023-11-07,09:57:27.959624,XRP,bid,924.7,100.0,0,92470
bithumb,2023-11-07,09:57:21.475529,XRP,bid,925.3,100.0,0,92530
bithumb,2023-11-07,09:57:20.260666,XRP,bid,925.3,100.0,0,92530
bithumb,2023-11-07,09:57:19.396672,XRP,bid,925.3,100.0,0,92530
bithumb,2023-11-07,09:57:18.836922,XRP,bid,925.3,100.0,0,92530
bithumb,2023-11-07,09:57:12.356155,XRP,bid,926.1,100.0,0,92610
bithumb,2023-11-07,09:57:11.009555,XRP,bid,925.4,100.0,0,92540
Upbit,2023-11-07,09:57:32.000000,XRP,ask,926,100,46.3,92600
Upbit,2023-11-07,09:57:29.000000,XRP,ask,926,100,46.3,92600
Upbit,2023-11-07,09:57:28.000000,XRP,ask,926,100,46.3,92600
bithumb,2023-11-07,09:57:32.510908,XRP,bid,925.1,100.0,0,92510
bithumb,2023-11-07,09:57:29.342000,XRP,bid,925.2,100.0,0,92520
bithumb,2023-11-07,09:57:28.838315,XRP,bid,925,100.0,0,92500
Upbit,2023-11-07,10:00:02.000000,XRP,ask,923,100,46.15,92300
bithumb,2023-11-07,10:00:02.278590,XRP,bid,921.9,100.0,0,92190
Upbit,2023-11-07,10:01:08.000000,XRP,ask,921,100,46.05,92100
Upbit,2023-11-07,10:01:07.000000,XRP,ask,921,100,46.05,92100
Upbit,2023-11-07,10:01:05.000000,XRP,ask,921,100,46.05,92100
Upbit,2023-11-07,10:01:03.000000,XRP,ask,921,100,46.05,92100
bithumb,2023-11-07,10:01:08.441102,XRP,bid,920.2,100.0,0,92020
bithumb,2023-11-07,10:01:07.882831,XRP,bid,920.1,100.0,0,92010
bithumb,2023-11-07,10:01:05.620185,XRP,bid,920.2,100.0,0,92020
bithumb,2023-11-07,10:01:03.694414,XRP,bid,920,100.0,0,92000
Upbit,2023-11-07,10:01:37.000000,XRP,bid,919,1000,459.5,919000
bithumb,2023-11-07,10:01:37.091501,XRP,ask,919.5,1000.0,0,919500
Upbit,2023-11-07,10:03:22.000000,XRP,ask,923,100,46.15,92300
Upbit,2023-11-07,10:03:22.000000,XRP,ask,923,100,46.15,92300
bithumb,2023-11-07,10:03:22.853927,XRP,bid,922.1,100.0,0,92210
bithumb,2023-11-07,10:03:22.263155,XRP,bid,922.1,100.0,0,92210
Upbit,2023-11-07,10:04:35.000000,XRP,ask,925,100,46.25,92500
Upbit,2023-11-07,10:04:35.000000,XRP,ask,925,100,46.25,92500
Upbit,2023-11-07,10:04:34.000000,XRP,ask,925,100,46.25,92500
Upbit,2023-11-07,10:04:34.000000,XRP,ask,925,100,46.25,92500
Upbit,2023-11-07,10:04:33.000000,XRP,ask,925,100,46.25,92500
Upbit,2023-11-07,10:04:33.000000,XRP,ask,925,100,46.25,92500
bithumb,2023-11-07,10:04:36.101570,XRP,bid,924.6,100.0,0,92460
bithumb,2023-11-07,10:04:35.552748,XRP,bid,924.1,100.0,0,92410
bithumb,2023-11-07,10:04:35.044959,XRP,bid,924.1,100.0,0,92410
bithumb,2023-11-07,10:04:34.405501,XRP,bid,924.1,100.0,0,92410
bithumb,2023-11-07,10:04:33.888627,XRP,bid,924.1,100.0,0,92410
bithumb,2023-11-07,10:04:33.249105,XRP,bid,924.1,100.0,0,92410
Upbit,2023-11-07,10:05:00.000000,XRP,ask,926,100,46.3,92600
Upbit,2023-11-07,10:04:59.000000,XRP,ask,926,100,46.3,92600
Upbit,2023-11-07,10:04:58.000000,XRP,ask,925,100,46.25,92500
Upbit,2023-11-07,10:04:57.000000,XRP,ask,926,100,46.3,92600
Upbit,2023-11-07,10:04:57.000000,XRP,ask,925,100,46.25,92500
Upbit,2023-11-07,10:04:56.000000,XRP,ask,926,100,46.3,92600
Upbit,2023-11-07,10:04:54.000000,XRP,ask,926,100,46.3,92600
Upbit,2023-11-07,10:04:47.000000,XRP,ask,926,100,46.3,92600
bithumb,2023-11-07,10:05:00.497488,XRP,bid,925,100.0,0,92500
bithumb,2023-11-07,10:04:59.940855,XRP,bid,925,100.0,0,92500
bithumb,2023-11-07,10:04:58.780471,XRP,bid,924.9,100.0,0,92490
bithumb,2023-11-07,10:04:57.930529,XRP,bid,924.8,100.0,0,92480
bithumb,2023-11-07,10:04:57.337354,XRP,bid,924.8,100.0,0,92480
bithumb,2023-11-07,10:04:56.701751,XRP,bid,924.8,100.0,0,92480
bithumb,2023-11-07,10:04:54.358581,XRP,bid,924.7,5.6957,0,5266
bithumb,2023-11-07,10:04:54.358541,XRP,bid,924.6,94.3043,0,87193
bithumb,2023-11-07,10:04:48.132915,XRP,bid,925.3,100.0,0,92530
Upbit,2023-11-07,10:05:22.000000,XRP,ask,924,100,46.2,92400
Upbit,2023-11-07,10:05:21.000000,XRP,ask,925,100,46.25,92500
Upbit,2023-11-07,10:05:20.000000,XRP,ask,924,100,46.2,92400
Upbit,2023-11-07,10:05:13.000000,XRP,ask,924,100,46.2,92400
Upbit,2023-11-07,10:05:12.000000,XRP,ask,925,100,46.25,92500
Upbit,2023-11-07,10:05:12.000000,XRP,ask,925,100,46.25,92500
Upbit,2023-11-07,10:05:11.000000,XRP,ask,925,100,46.25,92500
Upbit,2023-11-07,10:05:11.000000,XRP,ask,925,100,46.25,92500
Upbit,2023-11-07,10:05:10.000000,XRP,ask,925,100,46.25,92500
Upbit,2023-11-07,10:05:09.000000,XRP,ask,925,100,46.25,92500
Upbit,2023-11-07,10:05:09.000000,XRP,ask,925,100,46.25,92500
Upbit,2023-11-07,10:05:08.000000,XRP,ask,925,100,46.25,92500
Upbit,2023-11-07,10:05:07.000000,XRP,ask,925,100,46.25,92500
Upbit,2023-11-07,10:05:07.000000,XRP,ask,925,100,46.25,92500
Upbit,2023-11-07,10:05:06.000000,XRP,ask,925,100,46.25,92500
Upbit,2023-11-07,10:05:05.000000,XRP,ask,925,100,46.25,92500
Upbit,2023-11-07,10:05:05.000000,XRP,ask,925,100,46.25,92500
Upbit,2023-11-07,10:05:04.000000,XRP,ask,925,100,46.25,92500
bithumb,2023-11-07,10:05:22.526965,XRP,bid,924.1,100.0,0,92410
bithumb,2023-11-07,10:05:21.899089,XRP,bid,923.4,100.0,0,92340
bithumb,2023-11-07,10:05:20.259381,XRP,bid,923.5,100.0,0,92350
bithumb,2023-11-07,10:05:13.544722,XRP,bid,923.9,100.0,0,92390
bithumb,2023-11-07,10:05:12.984903,XRP,bid,924,100.0,0,92400
bithumb,2023-11-07,10:05:12.416696,XRP,bid,924,100.0,0,92400
bithumb,2023-11-07,10:05:11.882533,XRP,bid,923.9,100.0,0,92390
bithumb,2023-11-07,10:05:11.352213,XRP,bid,923.9,100.0,0,92390
bithumb,2023-11-07,10:05:10.778856,XRP,bid,923.9,100.0,0,92390
bithumb,2023-11-07,10:05:10.224296,XRP,bid,923.7,100.0,0,92370
bithumb,2023-11-07,10:05:09.507869,XRP,bid,924,100.0,0,92400
bithumb,2023-11-07,10:05:08.453818,XRP,bid,924,100.0,0,92400
bithumb,2023-11-07,10:05:07.850327,XRP,bid,923.9,100.0,0,92390
bithumb,2023-11-07,10:05:07.188152,XRP,bid,923.8,100.0,0,92380
bithumb,2023-11-07,10:05:06.628923,XRP,bid,923.7,100.0,0,92370
bithumb,2023-11-07,10:05:06.116332,XRP,bid,923.7,100.0,0,92370
bithumb,2023-11-07,10:05:05.593331,XRP,bid,923.8,100.0,0,92380
bithumb,2023-11-07,10:05:05.030707,XRP,bid,923.8,100.0,0,92380
Upbit,2023-11-07,10:10:25.000000,XRP,bid,929,1000,464.5,929000
Upbit,2023-11-07,10:06:17.000000,XRP,ask,926,100,46.3,92600
Upbit,2023-11-07,10:06:16.000000,XRP,ask,926,100,46.3,92600
Upbit,2023-11-07,10:06:15.000000,XRP,ask,926,100,46.3,92600
Upbit,2023-11-07,10:06:15.000000,XRP,ask,926,100,46.3,92600
Upbit,2023-11-07,10:06:14.000000,XRP,ask,926,100,46.3,92600
Upbit,2023-11-07,10:06:13.000000,XRP,ask,926,100,46.3,92600
Upbit,2023-11-07,10:06:12.000000,XRP,ask,926,100,46.3,92600
Upbit,2023-11-07,10:06:10.000000,XRP,ask,925,100,46.25,92500
Upbit,2023-11-07,10:05:53.000000,XRP,ask,926,100,46.3,92600
Upbit,2023-11-07,10:05:53.000000,XRP,ask,926,100,46.3,92600
Upbit,2023-11-07,10:05:52.000000,XRP,ask,926,100,46.3,92600
Upbit,2023-11-07,10:05:52.000000,XRP,ask,926,100,46.250000046325,92600
Upbit,2023-11-07,10:05:45.000000,XRP,ask,925,100,46.25,92500
Upbit,2023-11-07,10:05:44.000000,XRP,ask,925,100,46.25,92500
Upbit,2023-11-07,10:05:44.000000,XRP,ask,925,100,46.25,92500
Upbit,2023-11-07,10:05:43.000000,XRP,ask,925,100,46.25,92500
Upbit,2023-11-07,10:05:33.000000,XRP,ask,925,100,46.25,92500
bithumb,2023-11-07,10:10:25.420269,XRP,ask,928.7,1000.0,0,928700
bithumb,2023-11-07,10:06:17.314821,XRP,bid,925.2,45.9168,0,42482
bithumb,2023-11-07,10:06:17.314792,XRP,bid,925,54.0832,0,50026
bithumb,2023-11-07,10:06:16.416058,XRP,bid,925.1,100.0,0,92510
bithumb,2023-11-07,10:06:15.890865,XRP,bid,925.1,45.9168,0,42477
bithumb,2023-11-07,10:06:15.890838,XRP,bid,925,54.0832,0,50026
bithumb,2023-11-07,10:06:15.305078,XRP,bid,925,100.0,0,92500
bithumb,2023-11-07,10:06:14.763963,XRP,bid,925,100.0,0,92500
bithumb,2023-11-07,10:06:14.096882,XRP,bid,924.9,100.0,0,92490
bithumb,2023-11-07,10:06:12.784925,XRP,bid,925,100.0,0,92500
bithumb,2023-11-07,10:06:10.371287,XRP,bid,924.9,100.0,0,92490
bithumb,2023-11-07,10:05:54.081497,XRP,bid,925,100.0,0,92500
bithumb,2023-11-07,10:05:53.433361,XRP,bid,924.9,100.0,0,92490
bithumb,2023-11-07,10:05:52.842857,XRP,bid,924.9,100.0,0,92490
bithumb,2023-11-07,10:05:52.316654,XRP,bid,924.9,100.0,0,92490
bithumb,2023-11-07,10:05:45.381467,XRP,bid,924.2,100.0,0,92420
bithumb,2023-11-07,10:05:44.879672,XRP,bid,924,100.0,0,92400
bithumb,2023-11-07,10:05:44.347685,XRP,bid,923.9,100.0,0,92390
bithumb,2023-11-07,10:05:43.751502,XRP,bid,923.9,100.0,0,92390
bithumb,2023-11-07,10:05:33.308022,XRP,bid,924.2,100.0,0,92420
Upbit,2023-11-07,10:14:59.000000,XRP,ask,929,100,46.45,92900
Upbit,2023-11-07,10:14:59.000000,XRP,ask,929,100,46.45,92900
Upbit,2023-11-07,10:14:56.000000,XRP,ask,929,100,46.45,92900
Upbit,2023-11-07,10:14:55.000000,XRP,ask,929,100,46.45,92900
Upbit,2023-11-07,10:14:55.000000,XRP,ask,929,100,46.45,92900
Upbit,2023-11-07,10:14:15.000000,XRP,ask,929,100,46.45,92900
Upbit,2023-11-07,10:14:15.000000,XRP,ask,930,100,46.5,93000
Upbit,2023-11-07,10:12:08.000000,XRP,ask,930,100,46.450000005085,93000
Upbit,2023-11-07,10:12:07.000000,XRP,ask,930,100,46.5,93000
Upbit,2023-11-07,10:12:07.000000,XRP,ask,930,100,46.5,93000
bithumb,2023-11-07,10:14:59.745599,XRP,bid,928.2,100.0,0,92820
bithumb,2023-11-07,10:14:59.206033,XRP,bid,928.2,100.0,0,92820
bithumb,2023-11-07,10:14:56.412058,XRP,bid,928.2,100.0,0,92820
bithumb,2023-11-07,10:14:55.871752,XRP,bid,928.1,100.0,0,92810
bithumb,2023-11-07,10:14:55.289332,XRP,bid,928.1,100.0,0,92810
bithumb,2023-11-07,10:14:15.757932,XRP,bid,928.7,100.0,0,92870
bithumb,2023-11-07,10:14:15.192624,XRP,bid,929,100.0,0,92900
bithumb,2023-11-07,10:12:08.542944,XRP,bid,929.2,100.0,0,92920
bithumb,2023-11-07,10:12:07.883061,XRP,bid,929.1,100.0,0,92910
bithumb,2023-11-07,10:12:07.225151,XRP,bid,929,100.0,0,92900
Upbit,2023-11-07,10:36:04.000000,XRP,ask,921,100,46.05,92100
Upbit,2023-11-07,10:35:56.000000,XRP,ask,920,100,46,92000
Upbit,2023-11-07,10:35:53.000000,XRP,ask,921,100,46.05,92100
Upbit,2023-11-07,10:35:52.000000,XRP,ask,921,100,46.05,92100
Upbit,2023-11-07,10:35:52.000000,XRP,ask,921,100,46.05,92100
Upbit,2023-11-07,10:35:51.000000,XRP,ask,921,100,46.05,92100
Upbit,2023-11-07,10:35:51.000000,XRP,ask,921,100,46.05,92100
Upbit,2023-11-07,10:35:33.000000,XRP,ask,922,100,46.050000003895,92200
Upbit,2023-11-07,10:35:32.000000,XRP,ask,922,100,46.1,92200
Upbit,2023-11-07,10:35:31.000000,XRP,ask,922,100,46.1,92200
Upbit,2023-11-07,10:35:02.000000,XRP,ask,923,100,46.15,92300
Upbit,2023-11-07,10:34:44.000000,XRP,ask,922,100,46.1,92200
Upbit,2023-11-07,10:34:40.000000,XRP,ask,921,100,46.05,92100
Upbit,2023-11-07,10:34:35.000000,XRP,ask,922,100,46.1,92200
Upbit,2023-11-07,10:34:34.000000,XRP,ask,922,100,46.1,92200
Upbit,2023-11-07,10:34:33.000000,XRP,ask,922,100,46.1,92200
Upbit,2023-11-07,10:34:33.000000,XRP,ask,922,100,46.1,92200
Upbit,2023-11-07,10:34:24.000000,XRP,ask,922,100,46.1,92200
Upbit,2023-11-07,10:34:23.000000,XRP,ask,922,100,46.1,92200
Upbit,2023-11-07,10:33:59.000000,XRP,ask,922,100,46.1,92200
Upbit,2023-11-07,10:33:58.000000,XRP,ask,922,100,46.08120416182,92200
Upbit,2023-11-07,10:33:47.000000,XRP,ask,923,100,46.15,92300
Upbit,2023-11-07,10:33:00.000000,XRP,ask,924,100,46.2,92400
Upbit,2023-11-07,10:32:58.000000,XRP,ask,925,100,46.25,92500
Upbit,2023-11-07,10:31:28.000000,XRP,bid,923,1000,461.5,923000
Upbit,2023-11-07,10:31:01.000000,XRP,bid,923,1000,461.5,923000
Upbit,2023-11-07,10:30:54.000000,XRP,bid,921,1000,460.5,921000
bithumb,2023-11-07,10:36:05.040848,XRP,bid,920,100.0,0,92000
bithumb,2023-11-07,10:35:56.804607,XRP,bid,919.9,100.0,0,91990
bithumb,2023-11-07,10:35:53.503734,XRP,bid,919.8,100.0,0,91980
bithumb,2023-11-07,10:35:52.949339,XRP,bid,920,100.0,0,92000
bithumb,2023-11-07,10:35:52.417743,XRP,bid,919.9,100.0,0,91990
bithumb,2023-11-07,10:35:51.933218,XRP,bid,920.1,100.0,0,92010
bithumb,2023-11-07,10:35:51.341141,XRP,bid,920.1,100.0,0,92010
bithumb,2023-11-07,10:35:33.403915,XRP,bid,920.8,100.0,0,92080
bithumb,2023-11-07,10:35:32.860941,XRP,bid,920.8,100.0,0,92080
bithumb,2023-11-07,10:35:31.921786,XRP,bid,920.8,100.0,0,92080
bithumb,2023-11-07,10:35:02.752858,XRP,bid,922,100.0,0,92200
bithumb,2023-11-07,10:34:44.364785,XRP,bid,921,100.0,0,92100
bithumb,2023-11-07,10:34:40.787717,XRP,bid,921.1,100.0,0,92110
bithumb,2023-11-07,10:34:35.291180,XRP,bid,921.1,100.0,0,92110
bithumb,2023-11-07,10:34:34.695486,XRP,bid,921.1,100.0,0,92110
bithumb,2023-11-07,10:34:34.132565,XRP,bid,921.1,100.0,0,92110
bithumb,2023-11-07,10:34:33.613916,XRP,bid,921.1,100.0,0,92110
bithumb,2023-11-07,10:34:24.242956,XRP,bid,921.3,100.0,0,92130
bithumb,2023-11-07,10:34:23.670155,XRP,bid,921.1,100.0,0,92110
bithumb,2023-11-07,10:33:59.298854,XRP,bid,920.9,100.0,0,92090
Upbit,2023-11-07,10:33:57.000000,XRP,ask,922,100,46.1,92200
Upbit,2023-11-07,10:33:48.000000,XRP,ask,923,100,46.15,92300
Upbit,2023-11-07,10:33:46.000000,XRP,ask,923,100,46.15,92300
Upbit,2023-11-07,10:32:59.000000,XRP,ask,925,100,46.25,92500
bithumb,2023-11-07,10:45:06.888325,XRP,bid,916.9,2.2065,0,2023
bithumb,2023-11-07,10:45:06.244133,XRP,bid,916.9,2.2065,0,2023
bithumb,2023-11-07,10:53:12.801939,XRP,ask,918.4,2.2064,0,2026
bithumb,2023-11-07,10:55:52.720322,XRP,ask,919.6,65.7768,0,60488
bithumb,2023-11-07,10:55:52.234791,XRP,bid,919.7,65.7768,0,60494
bithumb,2023-11-07,11:38:55.569905,XRP,ask,914.6,2543.8223,0,2326579
bithumb,2023-11-07,11:38:55.569898,XRP,ask,914.7,557.3881,0,509842
bithumb,2023-11-07,11:38:55.569857,XRP,ask,914.8,898.7895,0,822212
bithumb,2023-11-07,11:38:14.752442,XRP,bid,914.8,1834.2499,0,1677971
bithumb,2023-11-07,11:38:14.752406,XRP,bid,914.7,2166.75,0,1981926
Upbit,2023-11-07,11:40:19.000000,XRP,ask,916,100,45.8,91600
Upbit,2023-11-07,11:40:17.000000,XRP,ask,916,100,45.8,91600
bithumb,2023-11-07,11:40:19.815751,XRP,bid,915.4,100.0,0,91540
bithumb,2023-11-07,11:40:17.252620,XRP,bid,915,100.0,0,91500
Upbit,2023-11-07,11:41:01.000000,XRP,ask,916,100,45.8,91600
Upbit,2023-11-07,11:41:01.000000,XRP,ask,916,100,45.8,91600
Upbit,2023-11-07,11:41:00.000000,XRP,ask,916,100,45.8,91600
Upbit,2023-11-07,11:40:59.000000,XRP,ask,916,100,45.8,91600
Upbit,2023-11-07,11:40:58.000000,XRP,ask,916,100,45.8,91600
Upbit,2023-11-07,11:40:58.000000,XRP,ask,916,100,45.8,91600
Upbit,2023-11-07,11:40:57.000000,XRP,ask,916,100,45.8,91600
Upbit,2023-11-07,11:40:56.000000,XRP,ask,916,100,45.8,91600
Upbit,2023-11-07,11:40:56.000000,XRP,ask,916,100,45.8,91600
Upbit,2023-11-07,11:40:55.000000,XRP,ask,916,100,45.8,91600
Upbit,2023-11-07,11:40:54.000000,XRP,ask,916,100,45.8,91600
Upbit,2023-11-07,11:40:53.000000,XRP,ask,916,100,45.8,91600
Upbit,2023-11-07,11:40:53.000000,XRP,ask,916,100,45.8,91600
Upbit,2023-11-07,11:40:52.000000,XRP,ask,916,100,45.8,91600
Upbit,2023-11-07,11:40:51.000000,XRP,ask,916,100,45.8,91600
Upbit,2023-11-07,11:40:50.000000,XRP,ask,916,100,45.8,91600
bithumb,2023-11-07,11:41:01.951283,XRP,bid,915,100.0,0,91500
bithumb,2023-11-07,11:41:01.688566,XRP,ask,914.9,99.9999,0,91489
bithumb,2023-11-07,11:41:01.235181,XRP,bid,915,100.0,0,91500
bithumb,2023-11-07,11:41:00.910519,XRP,bid,915,99.9999,0,91499
bithumb,2023-11-07,11:41:00.499963,XRP,bid,915,100.0,0,91500
bithumb,2023-11-07,11:40:59.872269,XRP,bid,915,100.0,0,91500
bithumb,2023-11-07,11:40:59.002982,XRP,bid,915,100.0,0,91500
bithumb,2023-11-07,11:40:58.338009,XRP,bid,915,100.0,0,91500
bithumb,2023-11-07,11:40:57.627964,XRP,bid,915,100.0,0,91500
bithumb,2023-11-07,11:40:56.997245,XRP,bid,915,100.0,0,91500
bithumb,2023-11-07,11:40:56.339646,XRP,bid,915,100.0,0,91500
bithumb,2023-11-07,11:40:55.656659,XRP,bid,915,100.0,0,91500
bithumb,2023-11-07,11:40:54.678762,XRP,bid,914.9,100.0,0,91490
bithumb,2023-11-07,11:40:54.381086,XRP,ask,914.8,99.9999,0,91479
bithumb,2023-11-07,11:40:53.950342,XRP,bid,914.9,100.0,0,91490
bithumb,2023-11-07,11:40:53.720331,XRP,bid,914.9,99.9999,0,91489
bithumb,2023-11-07,11:40:53.302529,XRP,bid,914.9,100.0,0,91490
bithumb,2023-11-07,11:40:52.350554,XRP,bid,914.8,100.0,0,91480
bithumb,2023-11-07,11:40:52.075517,XRP,ask,914.7,99.9999,0,91469
bithumb,2023-11-07,11:40:51.630735,XRP,bid,914.8,100.0,0,91480
Upbit,2023-11-07,11:41:20.000000,XRP,ask,916,100,45.8,91600
Upbit,2023-11-07,11:41:19.000000,XRP,ask,916,100,45.8,91600
Upbit,2023-11-07,11:41:18.000000,XRP,ask,916,100,45.8,91600
Upbit,2023-11-07,11:41:17.000000,XRP,ask,916,100,45.8,91600
Upbit,2023-11-07,11:41:16.000000,XRP,ask,916,100,45.8,91600
Upbit,2023-11-07,11:41:16.000000,XRP,ask,916,100,45.8,91600
Upbit,2023-11-07,11:41:15.000000,XRP,ask,916,100,45.8,91600
Upbit,2023-11-07,11:41:14.000000,XRP,ask,916,100,45.8,91600
Upbit,2023-11-07,11:41:14.000000,XRP,ask,916,100,45.8,91600
Upbit,2023-11-07,11:41:12.000000,XRP,ask,916,100,45.8,91600
Upbit,2023-11-07,11:41:11.000000,XRP,ask,916,100,45.8,91600
Upbit,2023-11-07,11:41:10.000000,XRP,ask,916,100,45.8,91600
Upbit,2023-11-07,11:41:09.000000,XRP,ask,916,100,45.8,91600
Upbit,2023-11-07,11:41:08.000000,XRP,ask,916,100,45.8,91600
Upbit,2023-11-07,11:41:08.000000,XRP,ask,916,100,45.8,91600
Upbit,2023-11-07,11:41:07.000000,XRP,ask,916,100,45.8,91600
Upbit,2023-11-07,11:41:06.000000,XRP,ask,916,100,45.8,91600
Upbit,2023-11-07,11:41:05.000000,XRP,ask,916,100,45.8,91600
Upbit,2023-11-07,11:41:05.000000,XRP,ask,916,100,45.8,91600
Upbit,2023-11-07,11:41:04.000000,XRP,ask,916,100,45.8,91600
Upbit,2023-11-07,11:41:03.000000,XRP,ask,916,100,45.8,91600
Upbit,2023-11-07,11:41:02.000000,XRP,ask,916,100,45.8,91600
bithumb,2023-11-07,11:41:20.497702,XRP,bid,914.9,100.0,0,91490
bithumb,2023-11-07,11:41:19.683429,XRP,bid,914.9,100.0,0,91490
bithumb,2023-11-07,11:41:18.957932,XRP,bid,914.8,100.0,0,91480
bithumb,2023-11-07,11:41:18.168163,XRP,bid,914.8,100.0,0,91480
bithumb,2023-11-07,11:41:17.160609,XRP,bid,915,100.0,0,91500
bithumb,2023-11-07,11:41:16.861728,XRP,ask,914.7,99.9999,0,91469
bithumb,2023-11-07,11:41:16.402835,XRP,bid,914.9,100.0,0,91490
bithumb,2023-11-07,11:41:16.126944,XRP,bid,914.9,99.9999,0,91489
bithumb,2023-11-07,11:41:15.750323,XRP,bid,915,100.0,0,91500
bithumb,2023-11-07,11:41:15.077433,XRP,bid,915,100.0,0,91500
bithumb,2023-11-07,11:41:14.482616,XRP,bid,915,100.0,0,91500
bithumb,2023-11-07,11:41:12.580951,XRP,bid,915.2,100.0,0,91520
bithumb,2023-11-07,11:41:11.847766,XRP,bid,915,100.0,0,91500
bithumb,2023-11-07,11:41:11.007953,XRP,bid,914.8,100.0,0,91480
bithumb,2023-11-07,11:41:09.449783,XRP,bid,914.8,100.0,0,91480
bithumb,2023-11-07,11:41:08.852250,XRP,bid,914.8,100.0,0,91480
bithumb,2023-11-07,11:41:08.201546,XRP,bid,914.9,100.0,0,91490
bithumb,2023-11-07,11:41:07.473034,XRP,bid,914.8,100.0,0,91480
bithumb,2023-11-07,11:41:06.875544,XRP,bid,914.8,100.0,0,91480
bithumb,2023-11-07,11:41:06.195655,XRP,bid,914.8,100.0,0,91480
Upbit,2023-11-07,12:08:37.000000,XRP,bid,923,1000,461.5,923000
Upbit,2023-11-07,12:08:36.000000,XRP,bid,923,1000,461.5,923000
Upbit,2023-11-07,12:07:48.000000,XRP,bid,923,1000,461.5,923000
Upbit,2023-11-07,12:07:47.000000,XRP,bid,923,1000,461.5,923000
Upbit,2023-11-07,12:07:46.000000,XRP,bid,923,1000,461.5,923000
Upbit,2023-11-07,12:07:35.000000,XRP,bid,921,1000,460.5,921000
bithumb,2023-11-07,12:08:37.619599,XRP,ask,923.4,1000.0,0,923400
bithumb,2023-11-07,12:08:36.561402,XRP,ask,923.5,107.9355,0,99678
bithumb,2023-11-07,12:08:36.561376,XRP,ask,923.6,892.0645,0,823910
bithumb,2023-11-07,12:07:48.277811,XRP,ask,923.3,350.2978,0,323429
bithumb,2023-11-07,12:07:48.277788,XRP,ask,923.4,649.7022,0,599935
bithumb,2023-11-07,12:07:47.280749,XRP,ask,923.6,1000.0,0,923600
bithumb,2023-11-07,12:07:46.483773,XRP,ask,923.7,1000.0,0,923700
bithumb,2023-11-07,12:07:34.803429,XRP,ask,920.7,1000.0,0,920700
bithumb,2023-11-07,12:24:12.144854,XRP,ask,920.5,334.223,0,307652
bithumb,2023-11-07,12:24:11.266192,XRP,bid,920.7,334.223,0,307719
Upbit,2023-11-07,12:29:10.000000,XRP,ask,922,100,46.1,92200
bithumb,2023-11-07,12:29:11.023663,XRP,bid,921.2,100.0,0,92120
Upbit,2023-11-07,12:29:39.000000,XRP,ask,922,100,46.1,92200
bithumb,2023-11-07,12:29:39.208812,XRP,bid,920.9,100.0,0,92090
Upbit,2023-11-07,12:30:33.000000,XRP,ask,921,100,46.05,92100
bithumb,2023-11-07,12:30:33.686839,XRP,bid,920.2,100.0,0,92020
Upbit,2023-11-07,12:32:21.000000,XRP,ask,921,100,46.05,92100
Upbit,2023-11-07,12:32:19.000000,XRP,ask,921,100,46.05,92100
bithumb,2023-11-07,12:32:21.988741,XRP,bid,920.1,100.0,0,92010
bithumb,2023-11-07,12:32:19.944303,XRP,bid,920.2,100.0,0,92020
Upbit,2023-11-07,12:32:31.000000,XRP,ask,920,100,46,92000
bithumb,2023-11-07,12:32:31.694485,XRP,bid,920,100.0,0,92000
Upbit,2023-11-07,12:44:00.000000,XRP,ask,921,100,46.05,92100
Upbit,2023-11-07,12:43:59.000000,XRP,ask,921,100,46.05,92100
Upbit,2023-11-07,12:43:58.000000,XRP,ask,921,100,46.05,92100
bithumb,2023-11-07,12:44:00.327229,XRP,bid,920.1,100.0,0,92010
bithumb,2023-11-07,12:43:59.681173,XRP,bid,920.1,100.0,0,92010
bithumb,2023-11-07,12:43:59.055216,XRP,bid,920.1,100.0,0,92010
Upbit,2023-11-07,12:46:58.000000,XRP,ask,921,100,46.05,92100
Upbit,2023-11-07,12:46:57.000000,XRP,ask,921,100,46.05,92100
bithumb,2023-11-07,12:46:58.361455,XRP,bid,920.2,100.0,0,92020
bithumb,2023-11-07,12:46:57.702303,XRP,bid,920.1,100.0,0,92010
Upbit,2023-11-07,13:04:30.000000,XRP,ask,920,100,46,92000
Upbit,2023-11-07,13:04:29.000000,XRP,ask,920,100,46,92000
Upbit,2023-11-07,13:04:28.000000,XRP,ask,920,100,46,92000
Upbit,2023-11-07,13:04:28.000000,XRP,ask,920,100,46,92000
Upbit,2023-11-07,13:04:27.000000,XRP,ask,920,100,46,92000
Upbit,2023-11-07,13:04:26.000000,XRP,ask,920,100,46,92000
Upbit,2023-11-07,13:04:26.000000,XRP,ask,920,100,46,92000
Upbit,2023-11-07,13:04:25.000000,XRP,ask,920,100,46,92000
Upbit,2023-11-07,13:04:24.000000,XRP,ask,920,100,46,92000
bithumb,2023-11-07,13:04:30.538238,XRP,bid,919.1,100.0,0,91910
bithumb,2023-11-07,13:04:29.867679,XRP,bid,919.1,100.0,0,91910
bithumb,2023-11-07,13:04:29.054919,XRP,bid,919.1,100.0,0,91910
bithumb,2023-11-07,13:04:28.408268,XRP,bid,919.1,100.0,0,91910
bithumb,2023-11-07,13:04:27.781434,XRP,bid,919.1,100.0,0,91910
bithumb,2023-11-07,13:04:27.108411,XRP,bid,919.1,100.0,0,91910
bithumb,2023-11-07,13:04:26.377855,XRP,bid,919.1,100.0,0,91910
bithumb,2023-11-07,13:04:26.122273,XRP,ask,918.9,99.9999,0,91889
bithumb,2023-11-07,13:04:25.754630,XRP,bid,919.1,100.0,0,91910
bithumb,2023-11-07,13:04:25.490579,XRP,bid,919,99.9999,0,91899
bithumb,2023-11-07,13:04:25.060324,XRP,bid,919,100.0,0,91900
Upbit,2023-11-07,13:04:47.000000,XRP,ask,920,100,46,92000
Upbit,2023-11-07,13:04:46.000000,XRP,ask,920,100,46,92000
Upbit,2023-11-07,13:04:45.000000,XRP,ask,920,100,46,92000
Upbit,2023-11-07,13:04:45.000000,XRP,ask,920,100,46,92000
Upbit,2023-11-07,13:04:44.000000,XRP,ask,920,100,46,92000
Upbit,2023-11-07,13:04:43.000000,XRP,ask,920,100,46,92000
Upbit,2023-11-07,13:04:42.000000,XRP,ask,920,100,46,92000
Upbit,2023-11-07,13:04:42.000000,XRP,ask,920,100,46,92000
Upbit,2023-11-07,13:04:41.000000,XRP,ask,920,100,46,92000
Upbit,2023-11-07,13:04:40.000000,XRP,ask,920,100,46,92000
Upbit,2023-11-07,13:04:40.000000,XRP,ask,920,100,46,92000
Upbit,2023-11-07,13:04:39.000000,XRP,ask,920,100,46,92000
Upbit,2023-11-07,13:04:38.000000,XRP,ask,920,100,46,92000
Upbit,2023-11-07,13:04:37.000000,XRP,ask,920,100,46,92000
Upbit,2023-11-07,13:04:36.000000,XRP,ask,920,100,46,92000
Upbit,2023-11-07,13:04:36.000000,XRP,ask,920,100,46,92000
Upbit,2023-11-07,13:04:35.000000,XRP,ask,920,100,46,92000
Upbit,2023-11-07,13:04:34.000000,XRP,ask,920,100,46,92000
Upbit,2023-11-07,13:04:34.000000,XRP,ask,920,100,46,92000
Upbit,2023-11-07,13:04:33.000000,XRP,ask,920,100,46,92000
Upbit,2023-11-07,13:04:32.000000,XRP,ask,920,100,46,92000
Upbit,2023-11-07,13:04:31.000000,XRP,ask,920,100,46,92000
Upbit,2023-11-07,13:04:31.000000,XRP,ask,920,100,46,92000
bithumb,2023-11-07,13:04:47.638157,XRP,ask,918.9,99.9999,0,91889
bithumb,2023-11-07,13:04:47.245777,XRP,bid,919,100.0,0,91900
bithumb,2023-11-07,13:04:46.999005,XRP,bid,919,99.9999,0,91899
bithumb,2023-11-07,13:04:46.597700,XRP,bid,919,100.0,0,91900
bithumb,2023-11-07,13:04:45.906749,XRP,bid,919,100.0,0,91900
bithumb,2023-11-07,13:04:45.636724,XRP,ask,918.9,99.9999,0,91889
bithumb,2023-11-07,13:04:45.192695,XRP,bid,919,100.0,0,91900
bithumb,2023-11-07,13:04:44.924533,XRP,bid,919.1,99.9999,0,91909
bithumb,2023-11-07,13:04:44.511600,XRP,bid,919.1,100.0,0,91910
bithumb,2023-11-07,13:04:43.465226,XRP,bid,919,100.0,0,91900
bithumb,2023-11-07,13:04:42.853723,XRP,bid,919,100.0,0,91900
bithumb,2023-11-07,13:04:42.250367,XRP,bid,919,100.0,0,91900
bithumb,2023-11-07,13:04:41.613237,XRP,bid,919,100.0,0,91900
bithumb,2023-11-07,13:04:40.967369,XRP,bid,919,100.0,0,91900
bithumb,2023-11-07,13:04:40.256536,XRP,bid,919,100.0,0,91900
bithumb,2023-11-07,13:04:39.410127,XRP,bid,919.1,100.0,0,91910
bithumb,2023-11-07,13:04:38.609380,XRP,bid,919,100.0,0,91900
bithumb,2023-11-07,13:04:37.656079,XRP,bid,919.1,100.0,0,91910
bithumb,2023-11-07,13:04:36.984040,XRP,bid,919.1,100.0,0,91910
bithumb,2023-11-07,13:04:36.289545,XRP,bid,919.1,100.0,0,91910
Upbit,2023-11-07,13:04:58.000000,XRP,ask,920,100,46,92000
Upbit,2023-11-07,13:04:57.000000,XRP,ask,920,100,46,92000
Upbit,2023-11-07,13:04:56.000000,XRP,ask,920,100,46,92000
Upbit,2023-11-07,13:04:56.000000,XRP,ask,920,100,46,92000
Upbit,2023-11-07,13:04:55.000000,XRP,ask,920,100,46,92000
Upbit,2023-11-07,13:04:54.000000,XRP,ask,920,100,46,92000
Upbit,2023-11-07,13:04:54.000000,XRP,ask,920,100,46,92000
Upbit,2023-11-07,13:04:53.000000,XRP,ask,920,100,46,92000
Upbit,2023-11-07,13:04:53.000000,XRP,ask,920,100,46,92000
Upbit,2023-11-07,13:04:52.000000,XRP,ask,920,100,46,92000
Upbit,2023-11-07,13:04:51.000000,XRP,ask,920,100,46,92000
Upbit,2023-11-07,13:04:51.000000,XRP,ask,920,100,46,92000
Upbit,2023-11-07,13:04:50.000000,XRP,ask,920,100,46,92000
Upbit,2023-11-07,13:04:49.000000,XRP,ask,920,100,46,92000
Upbit,2023-11-07,13:04:49.000000,XRP,ask,920,100,46,92000
Upbit,2023-11-07,13:04:48.000000,XRP,ask,920,100,46,92000
bithumb,2023-11-07,13:04:58.608712,XRP,bid,919.1,100.0,0,91910
bithumb,2023-11-07,13:04:57.807303,XRP,bid,919.1,100.0,0,91910
bithumb,2023-11-07,13:04:57.101760,XRP,bid,919,100.0,0,91900
bithumb,2023-11-07,13:04:56.360241,XRP,bid,919,100.0,0,91900
bithumb,2023-11-07,13:04:55.614195,XRP,bid,919,100.0,0,91900
bithumb,2023-11-07,13:04:55.011002,XRP,bid,919,100.0,0,91900
bithumb,2023-11-07,13:04:54.382712,XRP,bid,919,100.0,0,91900
bithumb,2023-11-07,13:04:53.774332,XRP,bid,919,100.0,0,91900
bithumb,2023-11-07,13:04:53.192780,XRP,bid,919,100.0,0,91900
bithumb,2023-11-07,13:04:52.631313,XRP,bid,919,100.0,0,91900
bithumb,2023-11-07,13:04:51.969510,XRP,bid,919,100.0,0,91900
bithumb,2023-11-07,13:04:51.410047,XRP,bid,919,100.0,0,91900
bithumb,2023-11-07,13:04:50.649715,XRP,bid,919,100.0,0,91900
bithumb,2023-11-07,13:04:50.375818,XRP,ask,918.9,99.9999,0,91889
bithumb,2023-11-07,13:04:50.005888,XRP,bid,919,100.0,0,91900
bithumb,2023-11-07,13:04:49.754601,XRP,bid,919,99.9999,0,91899
bithumb,2023-11-07,13:04:49.364871,XRP,bid,919,100.0,0,91900
bithumb,2023-11-07,13:04:48.516496,XRP,bid,919,100.0,0,91900
bithumb,2023-11-07,13:04:47.890887,XRP,bid,919,100.0,0,91900
Upbit,2023-11-07,15:02:14.000000,XRP,bid,925,1000,462.5,925000
Upbit,2023-11-07,15:02:14.000000,XRP,bid,925,1000,462.5,925000
bithumb,2023-11-07,15:02:14.863659,XRP,ask,925.4,339.1263,0,313827
bithumb,2023-11-07,15:02:14.863601,XRP,ask,925.5,660.8737,0,611638
bithumb,2023-11-07,15:02:14.237593,XRP,ask,925.5,1000.0,0,925500
Upbit,2023-11-07,15:04:28.000000,XRP,ask,925,100,46.25,92500
Upbit,2023-11-07,15:04:27.000000,XRP,ask,925,100,46.25,92500
Upbit,2023-11-07,15:04:26.000000,XRP,ask,925,100,46.25,92500
bithumb,2023-11-07,15:04:28.578196,XRP,bid,924.3,100.0,0,92430
bithumb,2023-11-07,15:04:27.538269,XRP,bid,924.1,100.0,0,92410
bithumb,2023-11-07,15:04:26.923689,XRP,bid,924.1,100.0,0,92410
Upbit,2023-11-07,15:04:42.000000,XRP,ask,924,100,46.2,92400
Upbit,2023-11-07,15:04:42.000000,XRP,ask,924,100,46.2,92400
Upbit,2023-11-07,15:04:41.000000,XRP,ask,924,100,46.2,92400
bithumb,2023-11-07,15:04:42.988357,XRP,bid,923.2,100.0,0,92320
bithumb,2023-11-07,15:04:42.303549,XRP,bid,923.1,100.0,0,92310
bithumb,2023-11-07,15:04:41.525424,XRP,bid,922.9,100.0,0,92290
Upbit,2023-11-07,15:06:56.000000,XRP,ask,924,100,46.2,92400
Upbit,2023-11-07,15:06:55.000000,XRP,ask,924,100,46.2,92400
Upbit,2023-11-07,15:06:54.000000,XRP,ask,924,100,46.2,92400
Upbit,2023-11-07,15:06:41.000000,XRP,ask,924,100,46.2,92400
bithumb,2023-11-07,15:06:56.426737,XRP,bid,923,100.0,0,92300
bithumb,2023-11-07,15:06:55.749674,XRP,bid,923.1,100.0,0,92310
bithumb,2023-11-07,15:06:55.084802,XRP,bid,923.1,100.0,0,92310
bithumb,2023-11-07,15:06:41.768333,XRP,bid,923.2,91.2762,0,84266
bithumb,2023-11-07,15:06:41.768298,XRP,bid,923,8.7238,0,8052
Upbit,2023-11-07,15:07:01.000000,XRP,ask,924,100,46.2,92400
Upbit,2023-11-07,15:07:00.000000,XRP,ask,924,100,46.2,92400
Upbit,2023-11-07,15:06:59.000000,XRP,ask,924,100,46.2,92400
Upbit,2023-11-07,15:06:59.000000,XRP,ask,924,100,46.2,92400
Upbit,2023-11-07,15:06:58.000000,XRP,ask,924,100,46.2,92400
Upbit,2023-11-07,15:06:57.000000,XRP,ask,924,100,46.2,92400
bithumb,2023-11-07,15:07:02.573102,XRP,ask,922.6,99.9999,0,92259
bithumb,2023-11-07,15:07:01.831051,XRP,bid,922.8,99.9999,0,92279
bithumb,2023-11-07,15:07:01.421530,XRP,bid,922.6,100.0,0,92260
bithumb,2023-11-07,15:07:00.585073,XRP,bid,922.9,100.0,0,92290
bithumb,2023-11-07,15:06:59.879037,XRP,bid,922.9,100.0,0,92290
bithumb,2023-11-07,15:06:59.324060,XRP,bid,922.9,100.0,0,92290
bithumb,2023-11-07,15:06:58.389701,XRP,bid,922.9,100.0,0,92290
bithumb,2023-11-07,15:06:57.685501,XRP,bid,922.9,100.0,0,92290
bithumb,2023-11-07,15:06:57.049032,XRP,bid,923,100.0,0,92300
Upbit,2023-11-07,15:07:50.000000,XRP,ask,923,100,46.15,92300
Upbit,2023-11-07,15:07:49.000000,XRP,ask,923,100,46.15,92300
Upbit,2023-11-07,15:07:49.000000,XRP,ask,923,100,46.15,92300
bithumb,2023-11-07,15:07:51.059485,XRP,bid,922,100.0,0,92200
bithumb,2023-11-07,15:07:50.143697,XRP,bid,922,100.0,0,92200
bithumb,2023-11-07,15:07:49.378250,XRP,bid,922,100.0,0,92200
Upbit,2023-11-07,18:23:35.000000,XRP,ask,923,100,46.15,92300
Upbit,2023-11-07,18:23:34.000000,XRP,ask,923,100,46.15,92300
Upbit,2023-11-07,18:23:20.000000,XRP,ask,924,100,46.150000046935,92400
Upbit,2023-11-07,18:23:16.000000,XRP,ask,924,100,46.2,92400
Upbit,2023-11-07,18:23:03.000000,XRP,bid,926,1000,463,926000
bithumb,2023-11-07,18:23:35.225545,XRP,bid,922.1,100.0,0,92210
bithumb,2023-11-07,18:23:34.594878,XRP,bid,922.1,100.0,0,92210
bithumb,2023-11-07,18:23:20.237645,XRP,bid,922.9,100.0,0,92290
bithumb,2023-11-07,18:23:16.287099,XRP,bid,923.2,100.0,0,92320
bithumb,2023-11-07,18:23:02.939251,XRP,ask,926.5,1000.0,0,926500
Upbit,2023-11-07,18:29:25.000000,XRP,bid,918,1000,459,918000
Upbit,2023-11-07,18:29:24.000000,XRP,bid,918,1000,459,918000
Upbit,2023-11-07,18:29:22.000000,XRP,bid,918,1000,459,918000
Upbit,2023-11-07,18:27:44.000000,XRP,ask,921,100,46.05,92100
bithumb,2023-11-07,18:29:25.266556,XRP,ask,918.7,1000.0,0,918700
bithumb,2023-11-07,18:29:24.636189,XRP,ask,918.7,1000.0,0,918700
bithumb,2023-11-07,18:29:22.372408,XRP,ask,918.5,1000.0,0,918500
bithumb,2023-11-07,18:27:44.192692,XRP,bid,920.2,100.0,0,92020
Upbit,2023-11-07,18:31:06.000000,XRP,ask,917,100,45.85,91700
bithumb,2023-11-07,18:31:06.893231,XRP,bid,916.4,100.0,0,91640
bithumb,2023-11-07,18:37:22.819915,XRP,ask,914.5,1000.0,0,914500
Upbit,2023-11-07,18:39:40.000000,XRP,ask,914,100,45.7,91400
bithumb,2023-11-07,18:39:41.139943,XRP,bid,913,100.0,0,91300
Upbit,2023-11-07,18:40:12.000000,XRP,ask,912,100,45.6,91200
bithumb,2023-11-07,18:40:12.701006,XRP,bid,912.2,100.0,0,91220
Upbit,2023-11-07,18:41:09.000000,XRP,bid,913,1000,456.5,913000
bithumb,2023-11-07,18:41:09.487555,XRP,ask,913.6,1000.0,0,913600
bithumb,2023-11-07,18:41:22.961775,XRP,bid,915.7,1.0928,0,1000
Upbit,2023-11-07,18:42:02.000000,XRP,ask,917,100,45.85,91700
Upbit,2023-11-07,18:42:01.000000,XRP,ask,917,100,45.85,91700
Upbit,2023-11-07,18:41:57.000000,XRP,ask,917,100,45.85,91700
Upbit,2023-11-07,18:41:56.000000,XRP,ask,917,100,45.85,91700
Upbit,2023-11-07,18:41:49.000000,XRP,ask,917,100,45.85,91700
Upbit,2023-11-07,18:41:49.000000,XRP,ask,917,100,45.85,91700
Upbit,2023-11-07,18:41:48.000000,XRP,ask,917,100,45.85,91700
Upbit,2023-11-07,18:41:47.000000,XRP,ask,917,100,45.85,91700
Upbit,2023-11-07,18:41:47.000000,XRP,ask,917,100,45.85,91700
Upbit,2023-11-07,18:41:44.000000,XRP,ask,917,100,45.85,91700
Upbit,2023-11-07,18:41:43.000000,XRP,ask,918,100,45.9,91800
bithumb,2023-11-07,18:42:02.503864,XRP,bid,916,100.0,0,91600
bithumb,2023-11-07,18:42:02.246032,XRP,bid,916,99.9999,0,91599
bithumb,2023-11-07,18:42:01.813131,XRP,bid,916,100.0,0,91600
bithumb,2023-11-07,18:41:58.113990,XRP,ask,916.3,99.9999,0,91629
bithumb,2023-11-07,18:41:57.617481,XRP,bid,916.6,27.6228,0,25319
bithumb,2023-11-07,18:41:57.617434,XRP,bid,916.5,72.3772,0,66333
bithumb,2023-11-07,18:41:57.359591,XRP,bid,916.4,99.9999,0,91639
bithumb,2023-11-07,18:41:56.940109,XRP,bid,916.1,100.0,0,91610
bithumb,2023-11-07,18:41:50.449171,XRP,ask,915.8,99.9999,0,91579
bithumb,2023-11-07,18:41:50.040428,XRP,bid,916.3,100.0,0,91630
bithumb,2023-11-07,18:41:49.747708,XRP,bid,916,99.9999,0,91599
bithumb,2023-11-07,18:41:49.356641,XRP,bid,915.8,100.0,0,91580
bithumb,2023-11-07,18:41:48.691541,XRP,bid,916.1,100.0,0,91610
bithumb,2023-11-07,18:41:47.911181,XRP,bid,916,100.0,0,91600
bithumb,2023-11-07,18:41:47.201326,XRP,bid,916,100.0,0,91600
bithumb,2023-11-07,18:41:45.216422,XRP,ask,916.4,99.9999,0,91639
bithumb,2023-11-07,18:41:44.234440,XRP,bid,917.2,100.0,0,91720
bithumb,2023-11-07,18:41:43.628177,XRP,bid,916.8,100.0,0,91680
bithumb,2023-11-07,18:41:43.242308,XRP,bid,917,100.0,0,91700
Upbit,2023-11-07,18:42:14.000000,XRP,ask,916,100,45.8,91600
Upbit,2023-11-07,18:42:13.000000,XRP,ask,916,100,45.8,91600
Upbit,2023-11-07,18:42:13.000000,XRP,ask,916,100,45.8,91600
Upbit,2023-11-07,18:42:11.000000,XRP,ask,916,100,45.8,91600
Upbit,2023-11-07,18:42:11.000000,XRP,ask,916,100,45.8,91600
Upbit,2023-11-07,18:42:10.000000,XRP,ask,916,100,45.8,91600
Upbit,2023-11-07,18:42:06.000000,XRP,ask,917,100,45.85,91700
Upbit,2023-11-07,18:42:05.000000,XRP,ask,917,100,45.85,91700
Upbit,2023-11-07,18:42:04.000000,XRP,ask,917,100,45.85,91700
Upbit,2023-11-07,18:42:03.000000,XRP,ask,917,100,45.85,91700
Upbit,2023-11-07,18:42:03.000000,XRP,ask,917,100,45.85,91700
bithumb,2023-11-07,18:42:15.191449,XRP,ask,915.1,99.9999,0,91509
bithumb,2023-11-07,18:42:14.735426,XRP,bid,915.4,100.0,0,91540
bithumb,2023-11-07,18:42:14.508742,XRP,bid,915,99.9999,0,91499
bithumb,2023-11-07,18:42:14.116053,XRP,bid,915.1,100.0,0,91510
bithumb,2023-11-07,18:42:13.432968,XRP,bid,915.1,100.0,0,91510
bithumb,2023-11-07,18:42:13.135147,XRP,ask,915,99.9999,0,91499
bithumb,2023-11-07,18:42:12.096790,XRP,bid,915.2,100.0,0,91520
bithumb,2023-11-07,18:42:11.797572,XRP,bid,915,99.9999,0,91499
bithumb,2023-11-07,18:42:11.384587,XRP,bid,915,100.0,0,91500
bithumb,2023-11-07,18:42:10.582362,XRP,bid,915,100.0,0,91500
bithumb,2023-11-07,18:42:07.995934,XRP,ask,915.6,99.9999,0,91559
bithumb,2023-11-07,18:42:07.348420,XRP,bid,916,99.9999,0,91599
bithumb,2023-11-07,18:42:06.907555,XRP,bid,916,100.0,0,91600
bithumb,2023-11-07,18:42:06.218724,XRP,ask,915.4,99.9999,0,91539
bithumb,2023-11-07,18:42:05.532046,XRP,bid,916,100.0,0,91600
bithumb,2023-11-07,18:42:04.886838,XRP,bid,916.1,46.4736,0,42574
bithumb,2023-11-07,18:42:04.886810,XRP,bid,916,53.5264,0,49030
bithumb,2023-11-07,18:42:04.552624,XRP,bid,915.8,99.9999,0,91579
bithumb,2023-11-07,18:42:04.108431,XRP,bid,915.7,100.0,0,91570
bithumb,2023-11-07,18:42:03.263302,XRP,bid,916,100.0,0,91600
Upbit,2023-11-07,18:42:29.000000,XRP,ask,916,100,45.8,91600
Upbit,2023-11-07,18:42:28.000000,XRP,ask,916,100,45.8,91600
Upbit,2023-11-07,18:42:25.000000,XRP,ask,916,100,45.8,91600
bithumb,2023-11-07,18:42:31.064648,XRP,bid,915.9,99.9998,0,91589
bithumb,2023-11-07,18:42:30.641496,XRP,ask,915.4,99.9999,0,91539
bithumb,2023-11-07,18:42:30.228476,XRP,ask,915.2,99.9999,0,91519
bithumb,2023-11-07,18:42:29.634533,XRP,bid,915.1,100.0,0,91510
bithumb,2023-11-07,18:42:29.313531,XRP,bid,915.1,99.9999,0,91509
bithumb,2023-11-07,18:42:28.852202,XRP,bid,915.1,100.0,0,91510
bithumb,2023-11-07,18:42:25.230621,XRP,bid,915.1,100.0,0,91510
Upbit,2023-11-07,18:43:20.000000,XRP,ask,919,100,45.95,91900
bithumb,2023-11-07,18:43:21.388554,XRP,bid,918,100.0,0,91800
bithumb,2023-11-07,18:43:20.694031,XRP,bid,918,100.0,0,91800
Upbit,2023-11-07,18:43:33.000000,XRP,ask,920,100,46,92000
Upbit,2023-11-07,18:43:32.000000,XRP,ask,920,100,46,92000
Upbit,2023-11-07,18:43:23.000000,XRP,ask,919,100,45.95,91900
Upbit,2023-11-07,18:43:22.000000,XRP,ask,919,100,45.95,91900
Upbit,2023-11-07,18:43:21.000000,XRP,ask,919,100,45.95,91900
bithumb,2023-11-07,18:43:36.318561,XRP,ask,918.4,99.9997,0,91839
bithumb,2023-11-07,18:43:35.907820,XRP,bid,918.7,99.9998,0,91869
bithumb,2023-11-07,18:43:35.450445,XRP,bid,918.7,99.9998,0,91869
bithumb,2023-11-07,18:43:35.014840,XRP,ask,918.6,99.9999,0,91859
bithumb,2023-11-07,18:43:34.606855,XRP,ask,918.6,99.9999,0,91859
bithumb,2023-11-07,18:43:34.095334,XRP,bid,918.9,100.0,0,91890
bithumb,2023-11-07,18:43:33.790458,XRP,bid,918.8,99.9999,0,91879
bithumb,2023-11-07,18:43:33.183923,XRP,bid,918.8,100.0,0,91880
bithumb,2023-11-07,18:43:23.339579,XRP,bid,918.1,100.0,0,91810
bithumb,2023-11-07,18:43:22.670815,XRP,bid,918.1,100.0,0,91810
bithumb,2023-11-07,18:43:22.385156,XRP,ask,918,99.9999,0,91799
bithumb,2023-11-07,18:43:21.738054,XRP,bid,918,100.0,0,91800
Upbit,2023-11-07,18:45:08.000000,XRP,ask,918,100,45.9,91800
Upbit,2023-11-07,18:45:06.000000,XRP,ask,917,100,45.85,91700
Upbit,2023-11-07,18:44:57.000000,XRP,ask,918,100,45.9,91800
Upbit,2023-11-07,18:44:57.000000,XRP,ask,918,100,45.9,91800
Upbit,2023-11-07,18:44:56.000000,XRP,ask,918,100,45.9,91800
Upbit,2023-11-07,18:44:55.000000,XRP,ask,918,100,45.9,91800
Upbit,2023-11-07,18:44:54.000000,XRP,ask,918,100,45.9,91800
Upbit,2023-11-07,18:44:54.000000,XRP,ask,918,100,45.9,91800
Upbit,2023-11-07,18:44:53.000000,XRP,ask,918,100,45.850000019305,91800
Upbit,2023-11-07,18:44:52.000000,XRP,ask,918,100,45.9,91800
Upbit,2023-11-07,18:44:51.000000,XRP,ask,918,100,45.9,91800
Upbit,2023-11-07,18:44:51.000000,XRP,ask,918,100,45.9,91800
Upbit,2023-11-07,18:44:50.000000,XRP,ask,918,100,45.9,91800
Upbit,2023-11-07,18:44:49.000000,XRP,ask,918,100,45.9,91800
Upbit,2023-11-07,18:44:49.000000,XRP,ask,918,100,45.9,91800
Upbit,2023-11-07,18:44:48.000000,XRP,ask,918,100,45.9,91800
Upbit,2023-11-07,18:44:47.000000,XRP,ask,918,100,45.9,91800
Upbit,2023-11-07,18:44:46.000000,XRP,ask,918,100,45.9,91800
Upbit,2023-11-07,18:44:46.000000,XRP,ask,918,100,45.9,91800
Upbit,2023-11-07,18:44:45.000000,XRP,ask,918,100,45.9,91800
Upbit,2023-11-07,18:44:44.000000,XRP,ask,918,100,45.9,91800
bithumb,2023-11-07,18:45:09.098061,XRP,bid,917,100.0,0,91700
bithumb,2023-11-07,18:45:08.823766,XRP,bid,917,99.9998,0,91699
bithumb,2023-11-07,18:45:08.027203,XRP,ask,916.6,99.9999,0,91659
bithumb,2023-11-07,18:45:07.609054,XRP,ask,916.4,99.9999,0,91639
bithumb,2023-11-07,18:45:06.847312,XRP,bid,916.4,100.0,0,91640
bithumb,2023-11-07,18:45:06.464106,XRP,bid,916.4,100.0,0,91640
bithumb,2023-11-07,18:44:59.575072,XRP,bid,916.6,99.9998,0,91659
bithumb,2023-11-07,18:44:59.002786,XRP,ask,916.6,99.9999,0,91659
bithumb,2023-11-07,18:44:58.608714,XRP,ask,916.6,99.9999,0,91659
bithumb,2023-11-07,18:44:58.155109,XRP,bid,916.6,100.0,0,91660
bithumb,2023-11-07,18:44:57.896981,XRP,bid,916.6,99.9999,0,91659
bithumb,2023-11-07,18:44:57.489972,XRP,bid,916.7,100.0,0,91670
bithumb,2023-11-07,18:44:56.563957,XRP,bid,916.8,100.0,0,91680
bithumb,2023-11-07,18:44:55.675203,XRP,bid,916.8,100.0,0,91680
bithumb,2023-11-07,18:44:55.016660,XRP,bid,916.7,100.0,0,91670
bithumb,2023-11-07,18:44:54.372802,XRP,bid,916.8,100.0,0,91680
bithumb,2023-11-07,18:44:53.345258,XRP,bid,916.9,100.0,0,91690
bithumb,2023-11-07,18:44:52.576519,XRP,bid,916.9,100.0,0,91690
bithumb,2023-11-07,18:44:51.987280,XRP,bid,916.8,100.0,0,91680
bithumb,2023-11-07,18:44:51.364164,XRP,bid,917.1,100.0,0,91710
Upbit,2023-11-07,19:51:29.000000,XRP,bid,909,1000,454.5,909000
Upbit,2023-11-07,19:51:12.000000,XRP,bid,909,1000,454.5,909000
Upbit,2023-11-07,19:51:11.000000,XRP,bid,909,1000,454.5,909000
Upbit,2023-11-07,19:51:10.000000,XRP,bid,909,1000,454.5,909000
bithumb,2023-11-07,19:51:29.080688,XRP,ask,909.4,1000.0,0,909400
bithumb,2023-11-07,19:51:11.847410,XRP,ask,909.5,1000.0,0,909500
bithumb,2023-11-07,19:51:10.746878,XRP,ask,909.5,1000.0,0,909500
bithumb,2023-11-07,19:51:10.107581,XRP,ask,909.5,1000.0,0,909500
bithumb,2023-11-07,19:48:37.404112,XRP,ask,911.4,1000.0,0,911400
Upbit,2023-11-07,19:53:11.000000,XRP,ask,902,100,45.1,90200
Upbit,2023-11-07,19:53:10.000000,XRP,ask,902,100,45.1,90200
Upbit,2023-11-07,19:53:08.000000,XRP,ask,902,100,45.1,90200
Upbit,2023-11-07,19:53:08.000000,XRP,ask,903,100,45.15,90300
Upbit,2023-11-07,19:53:07.000000,XRP,bid,904,1000,452,904000
bithumb,2023-11-07,19:53:11.394814,XRP,bid,901.1,100.0,0,90110
bithumb,2023-11-07,19:53:10.290647,XRP,bid,901.4,100.0,0,90140
bithumb,2023-11-07,19:53:09.502144,XRP,ask,901,99.9999,0,90099
bithumb,2023-11-07,19:53:08.978861,XRP,bid,901.2,100.0,0,90120
bithumb,2023-11-07,19:53:08.711505,XRP,bid,901.4,101.0965,0,91128
bithumb,2023-11-07,19:53:08.266620,XRP,bid,901.6,100.0,0,90160
bithumb,2023-11-07,19:53:07.378741,XRP,ask,902.4,588.6642,0,531210
bithumb,2023-11-07,19:53:07.378707,XRP,ask,902.5,411.3358,0,371230
Upbit,2023-11-07,19:54:32.000000,XRP,ask,906,100,45.3,90600
Upbit,2023-11-07,19:54:31.000000,XRP,ask,906,100,45.3,90600
bithumb,2023-11-07,19:54:32.811235,XRP,bid,905,100.0,0,90500
bithumb,2023-11-07,19:54:32.495718,XRP,ask,904.7,99.9999,0,90469
bithumb,2023-11-07,19:54:32.101701,XRP,bid,905.1,99.9999,0,90509
bithumb,2023-11-07,19:54:31.695151,XRP,bid,905.1,100.0,0,90510
Upbit,2023-11-07,19:54:56.000000,XRP,ask,907,100,45.35,90700
Upbit,2023-11-07,19:54:56.000000,XRP,ask,907,100,45.35,90700
Upbit,2023-11-07,19:54:55.000000,XRP,ask,907,100,45.35,90700
Upbit,2023-11-07,19:54:54.000000,XRP,ask,907,100,45.35,90700
Upbit,2023-11-07,19:54:53.000000,XRP,ask,907,100,45.35,90700
Upbit,2023-11-07,19:54:53.000000,XRP,ask,907,100,45.35,90700
Upbit,2023-11-07,19:54:52.000000,XRP,ask,907,100,45.35,90700
Upbit,2023-11-07,19:54:45.000000,XRP,ask,907,100,45.35,90700
bithumb,2023-11-07,19:54:58.179622,XRP,ask,906.6,99.9999,0,90659
bithumb,2023-11-07,19:54:57.536334,XRP,bid,906.4,99.9999,0,90639
bithumb,2023-11-07,19:54:57.085910,XRP,bid,906.4,100.0,0,90640
bithumb,2023-11-07,19:54:56.424810,XRP,bid,906.1,100.0,0,90610
bithumb,2023-11-07,19:54:55.728338,XRP,bid,906,100.0,0,90600
bithumb,2023-11-07,19:54:55.432745,XRP,ask,905.7,99.9999,0,90569
bithumb,2023-11-07,19:54:54.994516,XRP,bid,905.7,100.0,0,90570
bithumb,2023-11-07,19:54:54.073219,XRP,bid,905.7,100.0,0,90570
bithumb,2023-11-07,19:54:53.248809,XRP,bid,905.8,100.0,0,90580
bithumb,2023-11-07,19:54:52.973570,XRP,bid,905.9,99.9999,0,90589
bithumb,2023-11-07,19:54:52.261382,XRP,bid,905.9,100.0,0,90590
bithumb,2023-11-07,19:54:45.912381,XRP,bid,906.2,100.0,0,90620
Upbit,2023-11-07,19:55:13.000000,XRP,ask,907,100,45.35,90700
Upbit,2023-11-07,19:55:12.000000,XRP,ask,907,100,45.35,90700
Upbit,2023-11-07,19:55:11.000000,XRP,ask,907,100,45.35,90700
Upbit,2023-11-07,19:55:08.000000,XRP,ask,907,100,45.35,90700
Upbit,2023-11-07,19:55:07.000000,XRP,ask,907,100,45.35,90700
bithumb,2023-11-07,19:55:13.293601,XRP,bid,905.6,100.0,0,90560
bithumb,2023-11-07,19:55:13.034988,XRP,ask,905.5,99.9999,0,90549
bithumb,2023-11-07,19:55:12.619550,XRP,bid,905.7,100.0,0,90570
bithumb,2023-11-07,19:55:12.199537,XRP,bid,906,99.9999,0,90599
bithumb,2023-11-07,19:55:11.552364,XRP,bid,906.1,100.0,0,90610
bithumb,2023-11-07,19:55:08.613457,XRP,bid,906.2,100.0,0,90620
bithumb,2023-11-07,19:55:07.928791,XRP,bid,906.1,100.0,0,90610
Upbit,2023-11-07,19:55:37.000000,XRP,ask,905,100,45.25,90500
Upbit,2023-11-07,19:55:36.000000,XRP,ask,905,100,45.25,90500
Upbit,2023-11-07,19:55:33.000000,XRP,ask,905,100,45.25,90500
Upbit,2023-11-07,19:55:32.000000,XRP,ask,905,100,45.25,90500
bithumb,2023-11-07,19:55:38.352476,XRP,bid,904,100.0,0,90400
bithumb,2023-11-07,19:55:37.107434,XRP,bid,904.2,100.0,0,90420
bithumb,2023-11-07,19:55:34.074911,XRP,bid,904.3,100.0,0,90430
bithumb,2023-11-07,19:55:33.036227,XRP,bid,904.2,100.0,0,90420
Upbit,2023-11-07,19:56:17.000000,XRP,ask,906,100,45.3,90600
Upbit,2023-11-07,19:56:13.000000,XRP,ask,904,100,45.2,90400
Upbit,2023-11-07,19:56:12.000000,XRP,ask,904,100,45.2,90400
Upbit,2023-11-07,19:56:02.000000,XRP,ask,904,100,45.2,90400
Upbit,2023-11-07,19:56:01.000000,XRP,ask,904,100,45.2,90400
Upbit,2023-11-07,19:56:01.000000,XRP,ask,904,100,45.2,90400
Upbit,2023-11-07,19:56:00.000000,XRP,ask,904,100,45.2,90400
bithumb,2023-11-07,19:56:17.726373,XRP,bid,904.7,99.9999,0,90469
bithumb,2023-11-07,19:56:17.282450,XRP,bid,904.8,100.0,0,90480
bithumb,2023-11-07,19:56:13.493841,XRP,bid,903.5,100.0,0,90350
bithumb,2023-11-07,19:56:12.780394,XRP,bid,903.5,36.0337,0,32556
bithumb,2023-11-07,19:56:12.780354,XRP,bid,903.4,63.9663,0,57787
bithumb,2023-11-07,19:56:02.814895,XRP,bid,903.1,100.0,0,90310
bithumb,2023-11-07,19:56:01.836377,XRP,bid,903.1,100.0,0,90310
bithumb,2023-11-07,19:56:01.212933,XRP,bid,903.1,100.0,0,90310
bithumb,2023-11-07,19:56:00.464993,XRP,bid,903.1,100.0,0,90310
Upbit,2023-11-07,19:56:37.000000,XRP,ask,906,100,45.3,90600
Upbit,2023-11-07,19:56:27.000000,XRP,ask,906,100,45.3,90600
Upbit,2023-11-07,19:56:27.000000,XRP,ask,906,100,45.3,90600
Upbit,2023-11-07,19:56:26.000000,XRP,ask,906,100,45.3,90600
Upbit,2023-11-07,19:56:24.000000,XRP,ask,906,100,45.3,90600
Upbit,2023-11-07,19:56:23.000000,XRP,ask,906,100,45.3,90600
Upbit,2023-11-07,19:56:22.000000,XRP,ask,906,100,45.3,90600
Upbit,2023-11-07,19:56:20.000000,XRP,ask,906,100,45.3,90600
Upbit,2023-11-07,19:56:19.000000,XRP,ask,906,100,45.3,90600
Upbit,2023-11-07,19:56:19.000000,XRP,ask,906,100,45.3,90600
Upbit,2023-11-07,19:56:18.000000,XRP,ask,906,100,45.3,90600
bithumb,2023-11-07,19:56:37.427727,XRP,bid,905.1,100.0,0,90510
bithumb,2023-11-07,19:56:27.895628,XRP,bid,905.1,100.0,0,90510
bithumb,2023-11-07,19:56:27.282312,XRP,bid,905.1,100.0,0,90510
bithumb,2023-11-07,19:56:26.570943,XRP,bid,905.1,100.0,0,90510
bithumb,2023-11-07,19:56:25.916437,XRP,ask,905,99.9999,0,90499
bithumb,2023-11-07,19:56:25.128891,XRP,bid,905.2,99.9999,0,90519
bithumb,2023-11-07,19:56:24.753948,XRP,bid,905.2,100.0,0,90520
bithumb,2023-11-07,19:56:23.293328,XRP,bid,905.1,100.0,0,90510
bithumb,2023-11-07,19:56:22.624257,XRP,bid,905.1,100.0,0,90510
bithumb,2023-11-07,19:56:20.926622,XRP,bid,905.3,100.0,0,90530
bithumb,2023-11-07,19:56:20.120501,XRP,bid,905,100.0,0,90500
bithumb,2023-11-07,19:56:19.444276,XRP,bid,905,100.0,0,90500
bithumb,2023-11-07,19:56:19.183793,XRP,ask,904.6,99.9999,0,90459
bithumb,2023-11-07,19:56:18.793865,XRP,bid,904.8,100.0,0,90480
Upbit,2023-11-07,19:56:58.000000,XRP,ask,907,100,45.35,90700
Upbit,2023-11-07,19:56:58.000000,XRP,ask,907,100,45.35,90700
Upbit,2023-11-07,19:56:57.000000,XRP,ask,907,100,45.35,90700
Upbit,2023-11-07,19:56:56.000000,XRP,ask,907,100,45.35,90700
Upbit,2023-11-07,19:56:56.000000,XRP,ask,907,100,45.35,90700
Upbit,2023-11-07,19:56:55.000000,XRP,ask,907,100,45.35,90700
Upbit,2023-11-07,19:56:54.000000,XRP,ask,907,100,45.35,90700
Upbit,2023-11-07,19:56:53.000000,XRP,ask,907,100,45.35,90700
Upbit,2023-11-07,19:56:53.000000,XRP,ask,907,100,45.35,90700
Upbit,2023-11-07,19:56:52.000000,XRP,ask,907,100,45.35,90700
Upbit,2023-11-07,19:56:51.000000,XRP,ask,907,100,45.35,90700
Upbit,2023-11-07,19:56:51.000000,XRP,ask,907,100,45.35,90700
Upbit,2023-11-07,19:56:50.000000,XRP,ask,907,100,45.35,90700
Upbit,2023-11-07,19:56:49.000000,XRP,ask,907,100,45.35,90700
Upbit,2023-11-07,19:56:48.000000,XRP,ask,907,100,45.35,90700
Upbit,2023-11-07,19:56:47.000000,XRP,ask,907,100,45.35,90700
Upbit,2023-11-07,19:56:47.000000,XRP,ask,907,100,45.35,90700
Upbit,2023-11-07,19:56:46.000000,XRP,ask,907,100,45.35,90700
Upbit,2023-11-07,19:56:42.000000,XRP,ask,906,100,45.3,90600
bithumb,2023-11-07,19:56:58.876089,XRP,bid,905.8,100.0,0,90580
bithumb,2023-11-07,19:56:58.259776,XRP,bid,905.8,100.0,0,90580
bithumb,2023-11-07,19:56:57.542500,XRP,bid,905.7,100.0,0,90570
bithumb,2023-11-07,19:56:56.935653,XRP,bid,905.8,100.0,0,90580
bithumb,2023-11-07,19:56:56.205454,XRP,bid,905.6,100.0,0,90560
bithumb,2023-11-07,19:56:55.534839,XRP,bid,905.8,100.0,0,90580
bithumb,2023-11-07,19:56:55.258306,XRP,ask,905.9,99.9999,0,90589
bithumb,2023-11-07,19:56:54.813920,XRP,bid,906.1,100.0,0,90610
bithumb,2023-11-07,19:56:54.521181,XRP,bid,906.1,99.9999,0,90609
bithumb,2023-11-07,19:56:54.088325,XRP,bid,906.1,100.0,0,90610
bithumb,2023-11-07,19:56:53.384901,XRP,bid,906.1,100.0,0,90610
bithumb,2023-11-07,19:56:52.620488,XRP,bid,906,100.0,0,90600
bithumb,2023-11-07,19:56:51.945466,XRP,bid,906,100.0,0,90600
bithumb,2023-11-07,19:56:51.247450,XRP,bid,906.1,100.0,0,90610
bithumb,2023-11-07,19:56:50.594576,XRP,bid,906.1,100.0,0,90610
bithumb,2023-11-07,19:56:49.732664,XRP,bid,906.1,100.0,0,90610
bithumb,2023-11-07,19:56:49.446507,XRP,ask,906,99.9999,0,90599
bithumb,2023-11-07,19:56:49.001257,XRP,bid,906,100.0,0,90600
bithumb,2023-11-07,19:56:48.747852,XRP,bid,906,99.9999,0,90599
bithumb,2023-11-07,19:56:48.024662,XRP,bid,905.9,100.0,0,90590
Upbit,2023-11-07,20:36:37.000000,XRP,ask,915,100,45.75,91500
Upbit,2023-11-07,20:36:36.000000,XRP,ask,915,100,45.75,91500
Upbit,2023-11-07,20:36:36.000000,XRP,ask,915,100,45.75,91500
Upbit,2023-11-07,20:36:35.000000,XRP,ask,915,100,45.75,91500
Upbit,2023-11-07,20:36:34.000000,XRP,ask,915,100,45.75,91500
Upbit,2023-11-07,20:36:32.000000,XRP,ask,915,100,45.75,91500
Upbit,2023-11-07,20:36:31.000000,XRP,ask,915,100,45.75,91500
Upbit,2023-11-07,20:36:30.000000,XRP,ask,915,100,45.75,91500
Upbit,2023-11-07,20:36:29.000000,XRP,ask,915,100,45.75,91500
Upbit,2023-11-07,20:36:28.000000,XRP,ask,915,100,45.75,91500
Upbit,2023-11-07,20:36:28.000000,XRP,ask,915,100,45.75,91500
Upbit,2023-11-07,20:36:27.000000,XRP,ask,915,100,45.75,91500
Upbit,2023-11-07,20:36:26.000000,XRP,ask,915,100,45.75,91500
Upbit,2023-11-07,20:36:25.000000,XRP,ask,915,100,45.75,91500
Upbit,2023-11-07,20:36:25.000000,XRP,ask,915,100,45.75,91500
Upbit,2023-11-07,20:36:24.000000,XRP,ask,915,100,45.75,91500
bithumb,2023-11-07,20:36:38.014592,XRP,bid,914,100.0,0,91400
bithumb,2023-11-07,20:36:37.215168,XRP,bid,914,100.0,0,91400
bithumb,2023-11-07,20:36:36.217185,XRP,bid,914,100.0,0,91400
bithumb,2023-11-07,20:36:35.614077,XRP,bid,914,100.0,0,91400
bithumb,2023-11-07,20:36:34.920693,XRP,bid,914,100.0,0,91400
bithumb,2023-11-07,20:36:32.280324,XRP,bid,914,100.0,0,91400
bithumb,2023-11-07,20:36:31.706408,XRP,bid,914,100.0,0,91400
bithumb,2023-11-07,20:36:31.074355,XRP,bid,914,100.0,0,91400
bithumb,2023-11-07,20:36:29.752282,XRP,bid,914,100.0,0,91400
bithumb,2023-11-07,20:36:29.140618,XRP,bid,914,100.0,0,91400
bithumb,2023-11-07,20:36:28.464350,XRP,bid,914,100.0,0,91400
bithumb,2023-11-07,20:36:27.426722,XRP,bid,914,100.0,0,91400
bithumb,2023-11-07,20:36:26.835860,XRP,bid,914,100.0,0,91400
bithumb,2023-11-07,20:36:26.579174,XRP,ask,913.9,99.9999,0,91389
bithumb,2023-11-07,20:36:26.147106,XRP,bid,914,100.0,0,91400
bithumb,2023-11-07,20:36:25.869675,XRP,bid,914,100.9999,0,92313
bithumb,2023-11-07,20:36:25.455455,XRP,bid,914,100.0,0,91400
bithumb,2023-11-07,20:36:24.577036,XRP,bid,914.1,100.0,0,91410
Upbit,2023-11-07,20:39:12.000000,XRP,ask,916,100,45.8,91600
Upbit,2023-11-07,20:39:11.000000,XRP,ask,916,100,45.8,91600
Upbit,2023-11-07,20:39:10.000000,XRP,ask,916,100,45.8,91600
Upbit,2023-11-07,20:39:07.000000,XRP,ask,915,100,45.75,91500
Upbit,2023-11-07,20:39:06.000000,XRP,ask,916,100,45.8,91600
Upbit,2023-11-07,20:39:05.000000,XRP,ask,916,100,45.8,91600
Upbit,2023-11-07,20:39:04.000000,XRP,ask,916,100,45.8,91600
Upbit,2023-11-07,20:38:55.000000,XRP,ask,916,100,45.8,91600
Upbit,2023-11-07,20:38:55.000000,XRP,ask,916,100,45.8,91600
Upbit,2023-11-07,20:38:54.000000,XRP,ask,916,100,45.8,91600
Upbit,2023-11-07,20:38:41.000000,XRP,ask,916,100,45.8,91600
Upbit,2023-11-07,20:38:39.000000,XRP,ask,916,100,45.8,91600
Upbit,2023-11-07,20:38:38.000000,XRP,ask,916,100,45.8,91600
Upbit,2023-11-07,20:38:38.000000,XRP,ask,916,100,45.8,91600
Upbit,2023-11-07,20:38:30.000000,XRP,ask,916,100,45.8,91600
Upbit,2023-11-07,20:36:41.000000,XRP,ask,914,100,45.7,91400
Upbit,2023-11-07,20:36:40.000000,XRP,ask,915,100,45.75,91500
Upbit,2023-11-07,20:36:39.000000,XRP,ask,915,100,45.75,91500
Upbit,2023-11-07,20:36:38.000000,XRP,ask,915,100,45.75,91500
bithumb,2023-11-07,20:39:12.596765,XRP,bid,915.1,100.0,0,91510
bithumb,2023-11-07,20:39:12.346975,XRP,ask,915,99.9999,0,91499
bithumb,2023-11-07,20:39:11.949134,XRP,bid,915.1,100.0,0,91510
bithumb,2023-11-07,20:39:11.457361,XRP,bid,915.1,99.9999,0,91509
bithumb,2023-11-07,20:39:11.079920,XRP,bid,915.1,100.0,0,91510
bithumb,2023-11-07,20:39:07.282013,XRP,bid,915.1,100.0,0,91510
bithumb,2023-11-07,20:39:06.596595,XRP,bid,915.1,100.0,0,91510
bithumb,2023-11-07,20:39:05.689553,XRP,bid,915.1,100.0,0,91510
bithumb,2023-11-07,20:39:05.101529,XRP,bid,915.1,100.0,0,91510
bithumb,2023-11-07,20:38:56.108218,XRP,bid,915,100.0,0,91500
bithumb,2023-11-07,20:38:55.474473,XRP,bid,915,100.0,0,91500
bithumb,2023-11-07,20:38:54.492243,XRP,bid,915,100.0,0,91500
bithumb,2023-11-07,20:38:41.226481,XRP,bid,914.7,100.0,0,91470
bithumb,2023-11-07,20:38:39.891113,XRP,bid,914.9,100.0,0,91490
bithumb,2023-11-07,20:38:39.028369,XRP,bid,914.9,100.0,0,91490
bithumb,2023-11-07,20:38:38.200276,XRP,bid,914.9,99.1415,0,90704
bithumb,2023-11-07,20:38:38.200234,XRP,bid,914.8,0.8585,0,785
bithumb,2023-11-07,20:38:30.675977,XRP,bid,914.9,100.0,0,91490
bithumb,2023-11-07,20:36:41.434456,XRP,bid,914,100.0,0,91400
bithumb,2023-11-07,20:36:40.422893,XRP,bid,914,100.0,0,91400
Upbit,2023-11-07,21:17:38.000000,XRP,ask,915,100,45.75,91500
Upbit,2023-11-07,21:17:37.000000,XRP,ask,915,100,45.75,91500
Upbit,2023-11-07,21:17:36.000000,XRP,ask,915,100,45.75,91500
Upbit,2023-11-07,21:17:35.000000,XRP,ask,915,100,45.75,91500
Upbit,2023-11-07,21:17:09.000000,XRP,ask,915,100,45.75,91500
Upbit,2023-11-07,21:17:08.000000,XRP,ask,915,100,45.75,91500
Upbit,2023-11-07,21:17:07.000000,XRP,ask,915,100,45.75,91500
Upbit,2023-11-07,21:17:06.000000,XRP,ask,915,100,45.75,91500
Upbit,2023-11-07,21:15:34.000000,XRP,ask,912,100,45.6,91200
Upbit,2023-11-07,21:15:31.000000,XRP,ask,912,100,45.6,91200
Upbit,2023-11-07,21:15:30.000000,XRP,ask,912,100,45.6,91200
Upbit,2023-11-07,21:15:29.000000,XRP,ask,912,100,45.6,91200
Upbit,2023-11-07,21:15:23.000000,XRP,ask,913,100,45.65,91300
Upbit,2023-11-07,21:15:22.000000,XRP,ask,913,100,45.65,91300
Upbit,2023-11-07,21:15:21.000000,XRP,ask,913,100,45.65,91300
Upbit,2023-11-07,21:15:20.000000,XRP,ask,913,100,45.65,91300
Upbit,2023-11-07,21:15:19.000000,XRP,ask,913,100,45.65,91300
Upbit,2023-11-07,21:15:18.000000,XRP,ask,913,100,45.65,91300
Upbit,2023-11-07,21:15:16.000000,XRP,ask,913,100,45.65,91300
Upbit,2023-11-07,21:15:15.000000,XRP,ask,913,100,45.65,91300
Upbit,2023-11-07,21:15:14.000000,XRP,ask,913,100,45.65,91300
Upbit,2023-11-07,21:15:14.000000,XRP,ask,913,100,45.65,91300
Upbit,2023-11-07,21:15:12.000000,XRP,ask,913,100,45.65,91300
Upbit,2023-11-07,21:15:12.000000,XRP,ask,913,100,45.65,91300
Upbit,2023-11-07,21:15:11.000000,XRP,ask,913,100,45.65,91300
Upbit,2023-11-07,21:14:51.000000,XRP,ask,913,100,45.65,91300
Upbit,2023-11-07,21:14:49.000000,XRP,ask,913,100,45.65,91300
Upbit,2023-11-07,21:14:32.000000,XRP,ask,912,100,45.6,91200
Upbit,2023-11-07,21:14:20.000000,XRP,ask,912,100,45.6,91200
Upbit,2023-11-07,21:14:20.000000,XRP,ask,912,100,45.6,91200
Upbit,2023-11-07,21:14:19.000000,XRP,ask,912,100,45.6,91200
Upbit,2023-11-07,21:14:17.000000,XRP,ask,912,100,45.6,91200
Upbit,2023-11-07,21:14:15.000000,XRP,ask,912,100,45.550000046785,91200
Upbit,2023-11-07,21:14:15.000000,XRP,ask,912,100,45.6,91200
Upbit,2023-11-07,21:13:51.000000,XRP,bid,911,1000,455.5,911000
Upbit,2023-11-07,21:13:50.000000,XRP,bid,911,1000,455.5,911000
Upbit,2023-11-07,21:13:50.000000,XRP,bid,911,1000,455.5,911000
Upbit,2023-11-07,21:13:49.000000,XRP,bid,911,1000,455.5,911000
Upbit,2023-11-07,21:13:48.000000,XRP,bid,911,1000,455.5,911000
bithumb,2023-11-07,21:17:38.710526,XRP,bid,914.2,100.0,0,91420
bithumb,2023-11-07,21:17:37.944610,XRP,bid,914.1,100.0,0,91410
bithumb,2023-11-07,21:17:36.638295,XRP,bid,914.1,100.0,0,91410
bithumb,2023-11-07,21:17:35.838266,XRP,bid,914.1,100.0,0,91410
bithumb,2023-11-07,21:17:09.227450,XRP,bid,914.2,100.0,0,91420
bithumb,2023-11-07,21:17:08.393040,XRP,bid,914,100.0,0,91400
bithumb,2023-11-07,21:17:08.081699,XRP,ask,913.9,99.9999,0,91389
bithumb,2023-11-07,21:17:07.271577,XRP,bid,914.1,100.0,0,91410
bithumb,2023-11-07,21:17:06.957604,XRP,bid,914.1,99.9999,0,91409
bithumb,2023-11-07,21:17:06.390686,XRP,bid,914,100.0,0,91400
bithumb,2023-11-07,21:15:34.651953,XRP,bid,911.4,100.0,0,91140
bithumb,2023-11-07,21:15:32.338990,XRP,ask,910.8,66.9602,0,60987
bithumb,2023-11-07,21:15:32.338963,XRP,ask,910.9,33.0397,0,30095
bithumb,2023-11-07,21:15:31.821656,XRP,bid,911,100.0,0,91100
bithumb,2023-11-07,21:15:31.288450,XRP,bid,911,99.9999,0,91099
bithumb,2023-11-07,21:15:30.765694,XRP,bid,911,100.0,0,91100
bithumb,2023-11-07,21:15:29.992821,XRP,bid,911,100.0,0,91100
bithumb,2023-11-07,21:15:24.750824,XRP,ask,911.2,99.9999,0,91119
bithumb,2023-11-07,21:15:24.129062,XRP,bid,911.8,99.9999,0,91179
bithumb,2023-11-07,21:15:23.597150,XRP,bid,911.8,100.0,0,91180
Upbit,2023-11-07,21:21:28.000000,XRP,ask,918,100,45.9,91800
Upbit,2023-11-07,21:21:11.000000,XRP,ask,917,100,45.85,91700
Upbit,2023-11-07,21:20:44.000000,XRP,ask,917,100,45.85,91700
Upbit,2023-11-07,21:20:20.000000,XRP,ask,917,100,45.85,91700
Upbit,2023-11-07,21:20:17.000000,XRP,ask,917,100,45.85,91700
Upbit,2023-11-07,21:20:16.000000,XRP,ask,917,100,45.85,91700
Upbit,2023-11-07,21:20:15.000000,XRP,ask,917,100,45.85,91700
Upbit,2023-11-07,21:15:10.000000,XRP,ask,913,100,45.65,91300
Upbit,2023-11-07,21:15:09.000000,XRP,ask,913,100,45.65,91300
Upbit,2023-11-07,21:15:08.000000,XRP,ask,913,100,45.65,91300
Upbit,2023-11-07,21:15:07.000000,XRP,ask,913,100,45.65,91300
Upbit,2023-11-07,21:15:04.000000,XRP,ask,913,100,45.65,91300
Upbit,2023-11-07,21:14:54.000000,XRP,ask,913,100,45.65,91300
Upbit,2023-11-07,21:14:52.000000,XRP,ask,913,100,45.65,91300
Upbit,2023-11-07,21:14:35.000000,XRP,ask,912,100,45.6,91200
bithumb,2023-11-07,21:21:28.468127,XRP,bid,917.1,100.0,0,91710
bithumb,2023-11-07,21:21:11.766117,XRP,bid,916.3,100.0,0,91630
bithumb,2023-11-07,21:20:44.746481,XRP,bid,916.8,100.0,0,91680
bithumb,2023-11-07,21:20:20.245036,XRP,bid,916.4,100.0,0,91640
bithumb,2023-11-07,21:20:17.352110,XRP,bid,915.9,100.0,0,91590
bithumb,2023-11-07,21:20:16.511750,XRP,bid,915.9,100.0,0,91590
bithumb,2023-11-07,21:20:15.434003,XRP,bid,915.9,100.0,0,91590
Upbit,2023-11-07,21:14:50.000000,XRP,ask,913,100,45.65,91300
Upbit,2023-11-07,21:44:12.000000,XRP,ask,920,100,46,92000
Upbit,2023-11-07,21:44:11.000000,XRP,ask,920,100,46,92000
Upbit,2023-11-07,21:44:10.000000,XRP,ask,920,100,46,92000
Upbit,2023-11-07,21:44:09.000000,XRP,ask,920,100,46,92000
Upbit,2023-11-07,21:44:09.000000,XRP,ask,920,100,46,92000
Upbit,2023-11-07,21:44:08.000000,XRP,ask,920,100,46,92000
Upbit,2023-11-07,21:44:07.000000,XRP,ask,920,100,46,92000
Upbit,2023-11-07,21:44:06.000000,XRP,ask,920,100,46,92000
Upbit,2023-11-07,21:44:06.000000,XRP,ask,920,100,46,92000
Upbit,2023-11-07,21:44:05.000000,XRP,ask,920,100,46,92000
Upbit,2023-11-07,21:44:04.000000,XRP,ask,920,100,46,92000
Upbit,2023-11-07,21:44:04.000000,XRP,ask,920,100,46,92000
Upbit,2023-11-07,21:44:03.000000,XRP,ask,920,100,46,92000
Upbit,2023-11-07,21:44:02.000000,XRP,ask,920,100,46,92000
Upbit,2023-11-07,21:44:02.000000,XRP,ask,920,100,46,92000
Upbit,2023-11-07,21:44:01.000000,XRP,ask,920,100,46,92000
Upbit,2023-11-07,21:44:00.000000,XRP,ask,920,100,46,92000
Upbit,2023-11-07,21:43:59.000000,XRP,ask,920,100,46,92000
Upbit,2023-11-07,21:43:19.000000,XRP,ask,919,100,45.95,91900
Upbit,2023-11-07,21:43:18.000000,XRP,ask,920,100,46,92000
Upbit,2023-11-07,21:43:17.000000,XRP,ask,920,100,46,92000
Upbit,2023-11-07,21:43:17.000000,XRP,ask,920,100,46,92000
Upbit,2023-11-07,21:43:16.000000,XRP,ask,920,100,46,92000
Upbit,2023-11-07,21:43:15.000000,XRP,ask,920,100,46,92000
Upbit,2023-11-07,21:43:15.000000,XRP,ask,920,100,46,92000
Upbit,2023-11-07,21:43:14.000000,XRP,ask,920,100,46,92000
bithumb,2023-11-07,21:44:12.194892,XRP,bid,919.1,100.0,0,91910
bithumb,2023-11-07,21:44:11.490230,XRP,bid,919.1,100.0,0,91910
bithumb,2023-11-07,21:44:10.780400,XRP,bid,919.1,100.0,0,91910
bithumb,2023-11-07,21:44:10.089111,XRP,bid,919.1,100.0,0,91910
bithumb,2023-11-07,21:44:09.410551,XRP,bid,919.1,100.0,0,91910
bithumb,2023-11-07,21:44:09.101804,XRP,ask,918.7,99.9999,0,91869
bithumb,2023-11-07,21:44:08.741417,XRP,bid,919.1,100.0,0,91910
bithumb,2023-11-07,21:44:08.484538,XRP,bid,919.1,99.9999,0,91909
bithumb,2023-11-07,21:44:08.054589,XRP,bid,919.1,100.0,0,91910
bithumb,2023-11-07,21:44:07.037453,XRP,bid,919.1,100.0,0,91910
bithumb,2023-11-07,21:44:06.266824,XRP,bid,919.1,100.0,0,91910
bithumb,2023-11-07,21:44:05.550701,XRP,bid,919.1,100.0,0,91910
bithumb,2023-11-07,21:44:04.890869,XRP,bid,919.1,100.0,0,91910
bithumb,2023-11-07,21:44:04.291519,XRP,bid,919.1,100.0,0,91910
bithumb,2023-11-07,21:44:03.615672,XRP,bid,919.1,100.0,0,91910
bithumb,2023-11-07,21:44:02.936548,XRP,bid,919,100.0,0,91900
bithumb,2023-11-07,21:44:02.314797,XRP,bid,919,100.0,0,91900
bithumb,2023-11-07,21:44:01.298323,XRP,bid,919,100.0,0,91900
bithumb,2023-11-07,21:44:00.692544,XRP,bid,919,100.0,0,91900
bithumb,2023-11-07,21:43:59.958813,XRP,bid,919,100.0,0,91900
Upbit,2023-11-07,21:58:44.000000,XRP,ask,919,100,45.95,91900
Upbit,2023-11-07,21:58:43.000000,XRP,ask,919,100,45.95,91900
Upbit,2023-11-07,21:58:42.000000,XRP,ask,919,100,45.95,91900
Upbit,2023-11-07,21:58:41.000000,XRP,ask,919,100,45.95,91900
Upbit,2023-11-07,21:58:41.000000,XRP,ask,919,100,45.95,91900
bithumb,2023-11-07,21:58:46.353176,XRP,ask,918,99.9999,0,91799
bithumb,2023-11-07,21:58:45.185136,XRP,bid,918.1,100.0,0,91810
bithumb,2023-11-07,21:58:44.107245,XRP,bid,918.1,99.9999,0,91809
bithumb,2023-11-07,21:58:43.440264,XRP,bid,918.1,100.0,0,91810
bithumb,2023-11-07,21:58:43.207770,XRP,ask,918,99.9999,0,91799
bithumb,2023-11-07,21:58:42.757830,XRP,bid,918.1,100.0,0,91810
bithumb,2023-11-07,21:58:42.501731,XRP,bid,918.1,99.9999,0,91809
bithumb,2023-11-07,21:58:42.099041,XRP,bid,918.1,100.0,0,91810
bithumb,2023-11-07,21:58:41.404436,XRP,bid,918.1,100.0,0,91810
Upbit,2023-11-07,22:02:25.000000,XRP,ask,919,100,45.95,91900
Upbit,2023-11-07,22:02:24.000000,XRP,ask,919,100,45.95,91900
bithumb,2023-11-07,22:02:25.282716,XRP,bid,918.2,100.0,0,91820
bithumb,2023-11-07,22:02:24.589250,XRP,bid,918.1,100.0,0,91810
Upbit,2023-11-07,22:06:41.000000,XRP,ask,919,100,45.95,91900
Upbit,2023-11-07,22:06:40.000000,XRP,ask,919,100,45.95,91900
Upbit,2023-11-07,22:06:39.000000,XRP,ask,919,100,45.95,91900
Upbit,2023-11-07,22:06:39.000000,XRP,ask,919,100,45.95,91900
Upbit,2023-11-07,22:06:38.000000,XRP,ask,919,100,45.95,91900
bithumb,2023-11-07,22:06:42.112687,XRP,ask,918.1,99.9999,0,91809
bithumb,2023-11-07,22:06:41.505224,XRP,bid,918.2,100.0,0,91820
bithumb,2023-11-07,22:06:41.223476,XRP,bid,918.1,99.9999,0,91809
bithumb,2023-11-07,22:06:40.789578,XRP,bid,918.1,100.0,0,91810
bithumb,2023-11-07,22:06:40.144658,XRP,bid,918.1,100.0,0,91810
bithumb,2023-11-07,22:06:39.465547,XRP,bid,918.1,100.0,0,91810
bithumb,2023-11-07,22:06:38.291943,XRP,bid,918.1,100.0,0,91810
Upbit,2023-11-07,22:28:04.000000,XRP,bid,915,1000,457.5,915000
Upbit,2023-11-07,22:28:03.000000,XRP,bid,915,1000,457.5,915000
Upbit,2023-11-07,22:28:01.000000,XRP,bid,915,1000,457.5,915000
Upbit,2023-11-07,22:28:00.000000,XRP,bid,915,1000,457.5,915000
bithumb,2023-11-07,22:28:04.036008,XRP,ask,915.5,328.6189,0,300850
bithumb,2023-11-07,22:28:04.035983,XRP,ask,915.6,671.3811,0,614716
bithumb,2023-11-07,22:28:03.361159,XRP,ask,915.6,1000.0,0,915600
bithumb,2023-11-07,22:28:01.790692,XRP,ask,915.6,1000.0,0,915600
bithumb,2023-11-07,22:28:00.442438,XRP,ask,915.5,1000.0,0,915500
Upbit,2023-11-07,23:08:04.000000,XRP,ask,914,100,45.7,91400
Upbit,2023-11-07,23:08:03.000000,XRP,ask,914,100,45.7,91400
Upbit,2023-11-07,23:08:02.000000,XRP,ask,914,100,45.7,91400
Upbit,2023-11-07,23:08:01.000000,XRP,ask,914,100,45.7,91400
Upbit,2023-11-07,23:08:01.000000,XRP,ask,914,100,45.7,91400
Upbit,2023-11-07,23:08:00.000000,XRP,ask,914,100,45.7,91400
Upbit,2023-11-07,23:06:32.000000,XRP,ask,913,100,45.65,91300
Upbit,2023-11-07,23:06:31.000000,XRP,ask,913,100,45.65,91300
Upbit,2023-11-07,23:06:31.000000,XRP,ask,913,100,45.65,91300
Upbit,2023-11-07,23:06:30.000000,XRP,ask,913,100,45.65,91300
Upbit,2023-11-07,23:05:29.000000,XRP,ask,913,100,45.65,91300
Upbit,2023-11-07,23:05:27.000000,XRP,ask,913,100,45.65,91300
Upbit,2023-11-07,23:05:27.000000,XRP,ask,914,100,45.7,91400
bithumb,2023-11-07,23:08:04.452711,XRP,bid,913.3,100.0,0,91330
bithumb,2023-11-07,23:08:03.824364,XRP,bid,913.1,100.0,0,91310
bithumb,2023-11-07,23:08:03.533106,XRP,ask,913,99.9999,0,91299
bithumb,2023-11-07,23:08:02.975808,XRP,bid,913.1,100.0,0,91310
bithumb,2023-11-07,23:08:02.391745,XRP,bid,913,99.9999,0,91299
bithumb,2023-11-07,23:08:01.842175,XRP,bid,913,100.0,0,91300
bithumb,2023-11-07,23:08:01.187049,XRP,bid,913,100.0,0,91300
bithumb,2023-11-07,23:08:00.566088,XRP,bid,913,100.0,0,91300
bithumb,2023-11-07,23:06:32.553643,XRP,bid,912.1,100.0,0,91210
bithumb,2023-11-07,23:06:31.919658,XRP,bid,912.1,100.0,0,91210
bithumb,2023-11-07,23:06:31.236045,XRP,bid,912.1,100.0,0,91210
bithumb,2023-11-07,23:06:30.587250,XRP,bid,912.1,100.0,0,91210
bithumb,2023-11-07,23:05:31.742966,XRP,ask,911.9,99.9999,0,91189
bithumb,2023-11-07,23:05:29.800997,XRP,bid,911.8,100.0,0,91180
bithumb,2023-11-07,23:05:29.387455,XRP,bid,912.1,100.0,0,91210
bithumb,2023-11-07,23:05:29.126594,XRP,bid,912.1,99.9998,0,91209
bithumb,2023-11-07,23:05:28.714486,XRP,ask,912.2,79.7915,0,72785
bithumb,2023-11-07,23:05:28.714460,XRP,ask,912.3,20.2084,0,18436
bithumb,2023-11-07,23:05:28.355780,XRP,ask,912.6,99.9999,0,91259
bithumb,2023-11-07,23:05:28.022365,XRP,bid,912.9,100.0,0,91290
Upbit,2023-11-07,23:15:40.000000,XRP,ask,911,100,45.55,91100
Upbit,2023-11-07,23:15:39.000000,XRP,ask,911,100,45.55,91100
Upbit,2023-11-07,23:15:37.000000,XRP,ask,911,100,45.55,91100
Upbit,2023-11-07,23:15:36.000000,XRP,ask,911,100,45.55,91100
Upbit,2023-11-07,23:15:36.000000,XRP,ask,911,100,45.55,91100
Upbit,2023-11-07,23:15:35.000000,XRP,ask,911,100,45.55,91100
Upbit,2023-11-07,23:15:12.000000,XRP,ask,912,100,45.6,91200
Upbit,2023-11-07,23:15:11.000000,XRP,ask,912,100,45.6,91200
Upbit,2023-11-07,23:15:10.000000,XRP,ask,912,100,45.6,91200
Upbit,2023-11-07,23:15:09.000000,XRP,ask,912,100,45.6,91200
Upbit,2023-11-07,23:15:08.000000,XRP,ask,912,100,45.6,91200
Upbit,2023-11-07,23:15:01.000000,XRP,ask,912,100,45.6,91200
Upbit,2023-11-07,23:15:00.000000,XRP,ask,912,100,45.6,91200
Upbit,2023-11-07,23:15:00.000000,XRP,ask,912,100,45.6,91200
Upbit,2023-11-07,23:14:59.000000,XRP,ask,912,100,45.6,91200
Upbit,2023-11-07,23:14:58.000000,XRP,ask,912,100,45.6,91200
Upbit,2023-11-07,23:14:44.000000,XRP,ask,912,100,45.6,91200
Upbit,2023-11-07,23:14:43.000000,XRP,ask,912,100,45.6,91200
Upbit,2023-11-07,23:14:43.000000,XRP,ask,912,100,45.6,91200
Upbit,2023-11-07,23:14:42.000000,XRP,ask,912,100,45.6,91200
Upbit,2023-11-07,23:14:41.000000,XRP,ask,912,100,45.6,91200
Upbit,2023-11-07,23:14:40.000000,XRP,ask,912,100,45.6,91200
Upbit,2023-11-07,23:14:39.000000,XRP,ask,912,100,45.6,91200
Upbit,2023-11-07,23:14:38.000000,XRP,ask,912,100,45.6,91200
Upbit,2023-11-07,23:14:37.000000,XRP,ask,912,100,45.6,91200
Upbit,2023-11-07,23:14:35.000000,XRP,ask,912,100,45.6,91200
Upbit,2023-11-07,23:14:30.000000,XRP,ask,912,100,45.6,91200
Upbit,2023-11-07,23:14:28.000000,XRP,ask,912,100,45.6,91200
Upbit,2023-11-07,23:14:28.000000,XRP,ask,912,100,45.6,91200
Upbit,2023-11-07,23:14:27.000000,XRP,ask,912,100,45.6,91200
Upbit,2023-11-07,23:14:25.000000,XRP,ask,912,100,45.6,91200
bithumb,2023-11-07,23:15:40.574811,XRP,bid,910.1,100.0,0,91010
bithumb,2023-11-07,23:15:40.323106,XRP,ask,910,99.9999,0,90999
bithumb,2023-11-07,23:15:39.916061,XRP,bid,910.1,100.0,0,91010
bithumb,2023-11-07,23:15:39.635285,XRP,bid,910.1,99.9999,0,91009
bithumb,2023-11-07,23:15:38.048444,XRP,bid,910.1,100.0,0,91010
bithumb,2023-11-07,23:15:37.170122,XRP,bid,910.1,100.0,0,91010
bithumb,2023-11-07,23:15:36.339626,XRP,bid,910.1,100.0,0,91010
bithumb,2023-11-07,23:15:35.627748,XRP,bid,910.1,100.0,0,91010
bithumb,2023-11-07,23:15:12.440383,XRP,bid,911.1,100.0,0,91110
bithumb,2023-11-07,23:15:11.791238,XRP,bid,911.1,100.0,0,91110
bithumb,2023-11-07,23:15:11.115696,XRP,bid,911.1,100.0,0,91110
bithumb,2023-11-07,23:15:10.094486,XRP,bid,911.1,100.0,0,91110
bithumb,2023-11-07,23:15:08.910559,XRP,bid,911.1,100.0,0,91110
bithumb,2023-11-07,23:15:01.805833,XRP,bid,911.1,100.0,0,91110
bithumb,2023-11-07,23:15:01.155705,XRP,bid,911.1,100.0,0,91110
bithumb,2023-11-07,23:15:00.429638,XRP,bid,911.1,100.0,0,91110
bithumb,2023-11-07,23:15:00.150648,XRP,ask,911,99.9999,0,91099
bithumb,2023-11-07,23:14:59.719039,XRP,bid,911.1,100.0,0,91110
bithumb,2023-11-07,23:14:59.466121,XRP,bid,911.1,99.9999,0,91109
bithumb,2023-11-07,23:14:59.002284,XRP,bid,911.1,100.0,0,91110
Upbit,2023-11-07,23:14:34.000000,XRP,ask,912,100,45.6,91200
Upbit,2023-11-07,23:14:34.000000,XRP,ask,912,100,45.6,91200
Upbit,2023-11-07,23:14:33.000000,XRP,ask,912,100,45.6,91200
Upbit,2023-11-07,23:14:32.000000,XRP,ask,912,100,45.6,91200
Upbit,2023-11-07,23:14:31.000000,XRP,ask,912,100,45.6,91200
Upbit,2023-11-07,23:14:29.000000,XRP,ask,912,100,45.6,91200
Upbit,2023-11-07,23:14:26.000000,XRP,ask,912,100,45.6,91200
Upbit,2023-11-08,00:02:37.000000,XRP,ask,914,100,45.7,91400
Upbit,2023-11-08,00:02:31.000000,XRP,ask,914,100,45.7,91400
Upbit,2023-11-08,00:02:03.000000,XRP,ask,913,100,45.65,91300
Upbit,2023-11-08,00:01:23.000000,XRP,ask,912,100,45.6,91200
Upbit,2023-11-08,00:01:22.000000,XRP,ask,912,100,45.6,91200
Upbit,2023-11-08,00:01:21.000000,XRP,ask,912,100,45.6,91200
Upbit,2023-11-08,00:01:20.000000,XRP,ask,912,100,45.6,91200
Upbit,2023-11-08,00:01:20.000000,XRP,ask,912,100,45.6,91200
Upbit,2023-11-08,00:01:19.000000,XRP,ask,912,100,45.6,91200
Upbit,2023-11-08,00:01:18.000000,XRP,ask,912,100,45.6,91200
Upbit,2023-11-08,00:01:18.000000,XRP,ask,912,100,45.6,91200
Upbit,2023-11-08,00:01:17.000000,XRP,ask,912,100,45.6,91200
Upbit,2023-11-08,00:01:16.000000,XRP,ask,912,100,45.6,91200
Upbit,2023-11-08,00:01:15.000000,XRP,ask,912,100,45.6,91200
Upbit,2023-11-08,00:01:15.000000,XRP,ask,912,100,45.6,91200
Upbit,2023-11-08,00:01:14.000000,XRP,ask,912,100,45.6,91200
Upbit,2023-11-08,00:01:13.000000,XRP,ask,912,100,45.6,91200
Upbit,2023-11-08,00:01:12.000000,XRP,ask,912,100,45.6,91200
Upbit,2023-11-08,00:01:12.000000,XRP,ask,912,100,45.6,91200
Upbit,2023-11-08,00:01:11.000000,XRP,ask,912,100,45.6,91200
Upbit,2023-11-07,23:55:24.000000,XRP,bid,908,1000,454,908000
bithumb,2023-11-08,00:02:37.958361,XRP,bid,913,100.0,0,91300
bithumb,2023-11-08,00:02:32.039059,XRP,bid,913.1,100.0,0,91310
bithumb,2023-11-08,00:02:04.521698,XRP,ask,912.3,99.9999,0,91229
bithumb,2023-11-08,00:02:03.831004,XRP,bid,912.5,99.9999,0,91249
bithumb,2023-11-08,00:02:03.435730,XRP,bid,912.6,100.0,0,91260
bithumb,2023-11-08,00:01:23.171649,XRP,bid,911.4,100.0,0,91140
bithumb,2023-11-08,00:01:22.543057,XRP,bid,911,100.0,0,91100
bithumb,2023-11-08,00:01:21.938295,XRP,bid,911,100.0,0,91100
bithumb,2023-11-08,00:01:21.189767,XRP,bid,911,100.0,0,91100
bithumb,2023-11-08,00:01:20.298904,XRP,bid,911,100.0,0,91100
bithumb,2023-11-08,00:01:19.638309,XRP,bid,911,100.0,0,91100
bithumb,2023-11-08,00:01:19.336428,XRP,ask,910.9,99.9999,0,91089
bithumb,2023-11-08,00:01:18.902668,XRP,bid,911,100.0,0,91100
bithumb,2023-11-08,00:01:18.603765,XRP,bid,911,101.0964,0,92098
bithumb,2023-11-08,00:01:18.179483,XRP,bid,911,100.0,0,91100
bithumb,2023-11-08,00:01:17.430375,XRP,bid,911,100.0,0,91100
bithumb,2023-11-08,00:01:16.726956,XRP,bid,911,100.0,0,91100
bithumb,2023-11-08,00:01:16.060356,XRP,bid,911,100.0,0,91100
bithumb,2023-11-08,00:01:15.303131,XRP,bid,911,100.0,0,91100
bithumb,2023-11-08,00:01:14.494458,XRP,bid,911,100.0,0,91100
Upbit,2023-11-08,09:02:12.000000,XRP,bid,913,1000,456.5,913000
Upbit,2023-11-08,09:02:11.000000,XRP,bid,913,1000,456.5,913000
Upbit,2023-11-08,09:02:11.000000,XRP,bid,913,1000,456.5,913000
Upbit,2023-11-08,09:02:10.000000,XRP,bid,913,1000,456.5,913000
bithumb,2023-11-08,09:03:28.791257,XRP,ask,914.9,1000.0,0,914900
bithumb,2023-11-08,09:02:12.293279,XRP,ask,913.5,1000.0,0,913500
bithumb,2023-11-08,09:02:11.618040,XRP,ask,913.5,1000.0,0,913500
bithumb,2023-11-08,09:02:10.984623,XRP,ask,913.5,1000.0,0,913500
bithumb,2023-11-08,09:02:10.220972,XRP,ask,913.5,504.9209,0,461245
bithumb,2023-11-08,09:02:10.220944,XRP,ask,913.6,495.0791,0,452304
Upbit,2023-11-08,09:17:44.000000,XRP,ask,917,100,45.85,91700
Upbit,2023-11-08,09:17:43.000000,XRP,ask,917,100,45.85,91700
Upbit,2023-11-08,09:17:43.000000,XRP,ask,917,100,45.85,91700
Upbit,2023-11-08,09:17:42.000000,XRP,ask,917,100,45.85,91700
Upbit,2023-11-08,09:17:41.000000,XRP,ask,917,100,45.85,91700
Upbit,2023-11-08,09:17:41.000000,XRP,ask,917,100,45.85,91700
Upbit,2023-11-08,09:17:23.000000,XRP,ask,917,100,45.85,91700
Upbit,2023-11-08,09:17:22.000000,XRP,ask,917,100,45.85,91700
Upbit,2023-11-08,09:17:21.000000,XRP,ask,917,100,45.85,91700
Upbit,2023-11-08,09:10:48.000000,XRP,ask,916,100,45.8,91600
Upbit,2023-11-08,09:10:48.000000,XRP,ask,916,100,45.8,91600
Upbit,2023-11-08,09:10:47.000000,XRP,ask,916,100,45.8,91600
Upbit,2023-11-08,09:10:46.000000,XRP,ask,916,100,45.8,91600
Upbit,2023-11-08,09:10:46.000000,XRP,ask,916,100,45.8,91600
Upbit,2023-11-08,09:10:45.000000,XRP,ask,916,100,45.8,91600
Upbit,2023-11-08,09:10:44.000000,XRP,ask,916,100,45.8,91600
Upbit,2023-11-08,09:10:30.000000,XRP,ask,917,100,45.85,91700
Upbit,2023-11-08,09:10:29.000000,XRP,ask,917,100,45.85,91700
Upbit,2023-11-08,09:10:29.000000,XRP,ask,917,100,45.85,91700
Upbit,2023-11-08,09:10:09.000000,XRP,ask,917,100,45.85,91700
Upbit,2023-11-08,09:10:09.000000,XRP,ask,917,100,45.85,91700
Upbit,2023-11-08,09:10:08.000000,XRP,ask,917,100,45.85,91700
Upbit,2023-11-08,09:10:07.000000,XRP,ask,917,100,45.85,91700
Upbit,2023-11-08,09:10:02.000000,XRP,ask,917,100,45.85,91700
Upbit,2023-11-08,09:10:02.000000,XRP,ask,917,100,45.85,91700
Upbit,2023-11-08,09:10:01.000000,XRP,ask,917,100,45.85,91700
Upbit,2023-11-08,09:08:40.000000,XRP,ask,916,100,45.8,91600
Upbit,2023-11-08,09:08:39.000000,XRP,ask,917,100,45.85,91700
Upbit,2023-11-08,09:08:39.000000,XRP,ask,917,100,45.85,91700
Upbit,2023-11-08,09:08:38.000000,XRP,ask,917,100,45.85,91700
Upbit,2023-11-08,09:08:37.000000,XRP,ask,917,100,45.85,91700
Upbit,2023-11-08,09:08:36.000000,XRP,ask,917,100,45.85,91700
Upbit,2023-11-08,09:08:36.000000,XRP,ask,917,100,45.85,91700
Upbit,2023-11-08,09:08:35.000000,XRP,ask,917,100,45.85,91700
Upbit,2023-11-08,09:08:34.000000,XRP,ask,917,100,45.85,91700
bithumb,2023-11-08,09:17:44.833668,XRP,bid,915.9,100.0,0,91590
bithumb,2023-11-08,09:17:44.076612,XRP,bid,915.8,100.0,0,91580
bithumb,2023-11-08,09:17:43.458090,XRP,bid,915.9,100.0,0,91590
bithumb,2023-11-08,09:17:42.829610,XRP,bid,915.9,100.0,0,91590
bithumb,2023-11-08,09:17:42.071616,XRP,bid,916.1,100.0,0,91610
bithumb,2023-11-08,09:17:41.357688,XRP,bid,916,100.0,0,91600
bithumb,2023-11-08,09:17:23.545289,XRP,bid,916.2,100.0,0,91620
bithumb,2023-11-08,09:17:23.299715,XRP,ask,916,99.9999,0,91599
bithumb,2023-11-08,09:17:22.818953,XRP,bid,916.1,100.0,0,91610
bithumb,2023-11-08,09:17:22.516558,XRP,bid,916.1,99.9999,0,91609
bithumb,2023-11-08,09:17:22.034362,XRP,bid,916.1,100.0,0,91610
bithumb,2023-11-08,09:10:49.175854,XRP,bid,915.1,100.0,0,91510
bithumb,2023-11-08,09:10:48.540649,XRP,bid,915.1,100.0,0,91510
bithumb,2023-11-08,09:10:48.242841,XRP,ask,915,99.9999,0,91499
bithumb,2023-11-08,09:10:47.831292,XRP,bid,915.1,100.0,0,91510
bithumb,2023-11-08,09:10:47.541659,XRP,bid,915.1,99.9999,0,91509
bithumb,2023-11-08,09:10:47.091502,XRP,bid,915.1,100.0,0,91510
bithumb,2023-11-08,09:10:46.408928,XRP,bid,915,100.0,0,91500
bithumb,2023-11-08,09:10:45.710228,XRP,bid,915,100.0,0,91500
bithumb,2023-11-08,09:10:44.984452,XRP,bid,915,100.0,0,91500
Upbit,2023-11-08,09:18:55.000000,XRP,ask,916,100,45.8,91600
Upbit,2023-11-08,09:18:54.000000,XRP,ask,916,100,45.8,91600
Upbit,2023-11-08,09:18:54.000000,XRP,ask,916,100,45.8,91600
Upbit,2023-11-08,09:18:53.000000,XRP,ask,916,100,45.8,91600
Upbit,2023-11-08,09:18:52.000000,XRP,ask,916,100,45.8,91600
Upbit,2023-11-08,09:18:52.000000,XRP,ask,916,100,45.8,91600
Upbit,2023-11-08,09:18:51.000000,XRP,ask,916,100,45.8,91600
Upbit,2023-11-08,09:18:50.000000,XRP,ask,916,100,45.8,91600
Upbit,2023-11-08,09:18:50.000000,XRP,ask,916,100,45.8,91600
Upbit,2023-11-08,09:18:49.000000,XRP,ask,916,100,45.8,91600
Upbit,2023-11-08,09:10:00.000000,XRP,ask,917,100,45.85,91700
Upbit,2023-11-08,09:09:59.000000,XRP,ask,917,100,45.85,91700
Upbit,2023-11-08,09:09:58.000000,XRP,ask,917,100,45.85,91700
bithumb,2023-11-08,09:18:55.920889,XRP,bid,915.2,100.0,0,91520
bithumb,2023-11-08,09:18:55.179774,XRP,bid,915,100.0,0,91500
bithumb,2023-11-08,09:18:54.811991,XRP,ask,914.8,99.9999,0,91479
bithumb,2023-11-08,09:18:54.356443,XRP,bid,915,100.0,0,91500
bithumb,2023-11-08,09:18:53.765363,XRP,bid,915,100.0,0,91500
bithumb,2023-11-08,09:18:53.499347,XRP,bid,915,99.9999,0,91499
bithumb,2023-11-08,09:18:53.043892,XRP,bid,915,100.0,0,91500
bithumb,2023-11-08,09:18:52.342670,XRP,bid,915,100.0,0,91500
bithumb,2023-11-08,09:18:51.581521,XRP,bid,915,100.0,0,91500
bithumb,2023-11-08,09:18:50.934751,XRP,bid,914.9,100.0,0,91490
bithumb,2023-11-08,09:18:50.264235,XRP,bid,915,100.0,0,91500
bithumb,2023-11-08,09:18:49.597646,XRP,bid,915,100.0,0,91500
Upbit,2023-11-08,09:34:05.000000,XRP,bid,909,1000,454.5,909000
Upbit,2023-11-08,09:34:01.000000,XRP,bid,909,1000,454.5,909000
Upbit,2023-11-08,09:32:03.000000,XRP,bid,911,1000,455.5,911000
bithumb,2023-11-08,09:34:05.817809,XRP,ask,909.8,1000.0,0,909800
bithumb,2023-11-08,09:34:04.796866,XRP,ask,909.8,1000.0,0,909800
bithumb,2023-11-08,09:34:01.225695,XRP,ask,909.6,1000.0,0,909600
bithumb,2023-11-08,09:32:09.072269,XRP,ask,911.2,991.8989,0,903818
bithumb,2023-11-08,09:32:09.072238,XRP,ask,911.3,8.1011,0,7382
bithumb,2023-11-08,09:32:03.625184,XRP,ask,911.3,1000.0,0,911300
Upbit,2023-11-08,09:10:06.000000,XRP,ask,917,100,45.85,91700
bithumb,2023-11-08,09:45:01.497997,XRP,bid,909.9,2.1953,0,1997
Upbit,2023-11-08,10:28:52.000000,XRP,ask,917,100,45.85,91700
Upbit,2023-11-08,10:28:10.000000,XRP,ask,917,100,45.85,91700
Upbit,2023-11-08,10:28:09.000000,XRP,ask,917,100,45.85,91700
Upbit,2023-11-08,10:28:08.000000,XRP,ask,917,100,45.85,91700
Upbit,2023-11-08,10:28:07.000000,XRP,ask,917,100,45.85,91700
bithumb,2023-11-08,10:28:52.852093,XRP,bid,916.2,100.0,0,91620
bithumb,2023-11-08,10:28:10.879790,XRP,bid,916.3,100.0,0,91630
bithumb,2023-11-08,10:28:09.941710,XRP,bid,916.1,100.0,0,91610
bithumb,2023-11-08,10:28:08.956617,XRP,bid,916,100.0,0,91600
bithumb,2023-11-08,10:28:08.129056,XRP,bid,916,100.0,0,91600
Upbit,2023-11-08,10:40:53.000000,XRP,ask,920,100,46,92000
Upbit,2023-11-08,10:40:52.000000,XRP,ask,920,100,46,92000
Upbit,2023-11-08,10:40:51.000000,XRP,ask,920,100,46,92000
Upbit,2023-11-08,10:40:50.000000,XRP,ask,920,100,46,92000
Upbit,2023-11-08,10:40:50.000000,XRP,ask,920,100,46,92000
Upbit,2023-11-08,10:40:49.000000,XRP,ask,920,100,46,92000
Upbit,2023-11-08,10:40:48.000000,XRP,ask,920,100,46,92000
Upbit,2023-11-08,10:39:24.000000,XRP,ask,920,100,46,92000
Upbit,2023-11-08,10:39:24.000000,XRP,ask,921,100,46.05,92100
Upbit,2023-11-08,10:39:23.000000,XRP,ask,921,100,46.05,92100
Upbit,2023-11-08,10:39:22.000000,XRP,ask,921,100,46.05,92100
Upbit,2023-11-08,10:39:21.000000,XRP,ask,921,100,46.05,92100
Upbit,2023-11-08,10:39:20.000000,XRP,ask,921,100,46.05,92100
Upbit,2023-11-08,10:38:54.000000,XRP,ask,920,100,46,92000
Upbit,2023-11-08,10:38:53.000000,XRP,ask,920,100,46,92000
Upbit,2023-11-08,10:38:53.000000,XRP,ask,920,100,46,92000
Upbit,2023-11-08,10:38:52.000000,XRP,ask,920,100,46,92000
Upbit,2023-11-08,10:38:51.000000,XRP,ask,920,100,46,92000
Upbit,2023-11-08,10:38:50.000000,XRP,ask,920,100,46,92000
Upbit,2023-11-08,10:38:47.000000,XRP,ask,920,100,46,92000
Upbit,2023-11-08,10:38:46.000000,XRP,ask,920,100,46,92000
Upbit,2023-11-08,10:38:45.000000,XRP,ask,920,100,46,92000
Upbit,2023-11-08,10:38:44.000000,XRP,ask,920,100,46,92000
Upbit,2023-11-08,10:38:44.000000,XRP,ask,920,100,46,92000
Upbit,2023-11-08,10:32:05.000000,XRP,ask,917,100,45.85,91700
Upbit,2023-11-08,10:31:45.000000,XRP,ask,918,100,45.9,91800
Upbit,2023-11-08,10:31:38.000000,XRP,ask,918,100,45.9,91800
bithumb,2023-11-08,10:40:54.805922,XRP,ask,918.6,99.9999,0,91859
bithumb,2023-11-08,10:40:54.068013,XRP,bid,919,99.9999,0,91899
bithumb,2023-11-08,10:40:53.492687,XRP,bid,919,100.0,0,91900
bithumb,2023-11-08,10:40:52.707634,XRP,bid,919,100.0,0,91900
bithumb,2023-11-08,10:40:51.883513,XRP,bid,919,100.0,0,91900
bithumb,2023-11-08,10:40:51.066222,XRP,bid,919,100.0,0,91900
bithumb,2023-11-08,10:40:50.211520,XRP,bid,919,100.0,0,91900
bithumb,2023-11-08,10:40:49.327139,XRP,bid,918.7,100.0,0,91870
bithumb,2023-11-08,10:40:48.353492,XRP,bid,919.1,100.0,0,91910
bithumb,2023-11-08,10:39:25.056960,XRP,bid,919.6,100.0,0,91960
bithumb,2023-11-08,10:39:24.256100,XRP,bid,919.7,100.0,0,91970
bithumb,2023-11-08,10:39:23.404718,XRP,bid,919.7,100.0,0,91970
bithumb,2023-11-08,10:39:22.468886,XRP,bid,919.6,100.0,0,91960
bithumb,2023-11-08,10:39:21.588008,XRP,bid,919.5,100.0,0,91950
bithumb,2023-11-08,10:39:20.739826,XRP,bid,919.6,100.0,0,91960
bithumb,2023-11-08,10:38:55.015635,XRP,bid,919.2,100.0,0,91920
bithumb,2023-11-08,10:38:54.192442,XRP,bid,919.1,100.0,0,91910
bithumb,2023-11-08,10:38:53.263433,XRP,bid,919.1,100.0,0,91910
bithumb,2023-11-08,10:38:52.310934,XRP,bid,919.1,100.0,0,91910
bithumb,2023-11-08,10:38:52.012869,XRP,ask,919,99.9999,0,91899
Upbit,2023-11-08,11:14:28.000000,XRP,ask,921,100,46.05,92100
Upbit,2023-11-08,11:14:27.000000,XRP,ask,921,100,46.05,92100
bithumb,2023-11-08,11:14:29.168861,XRP,ask,920,99.9999,0,91999
bithumb,2023-11-08,11:14:28.634856,XRP,bid,920.1,100.0,0,92010
bithumb,2023-11-08,11:14:28.319437,XRP,bid,920.1,99.9999,0,92009
bithumb,2023-11-08,11:14:27.733577,XRP,bid,920,100.0,0,92000
Upbit,2023-11-08,11:23:49.000000,XRP,bid,917,1000,458.5,917000
Upbit,2023-11-08,11:23:49.000000,XRP,bid,917,1000,458.5,917000
Upbit,2023-11-08,11:23:48.000000,XRP,bid,917,1000,458.5,917000
bithumb,2023-11-08,11:23:49.766320,XRP,ask,917.7,1000.0,0,917700
bithumb,2023-11-08,11:23:48.957185,XRP,ask,917.7,1000.0,0,917700
bithumb,2023-11-08,11:23:48.130315,XRP,ask,917.5,1000.0,0,917500
Upbit,2023-11-08,12:41:16.000000,XRP,ask,914,100,45.7,91400
Upbit,2023-11-08,12:41:15.000000,XRP,ask,914,100,45.7,91400
Upbit,2023-11-08,12:41:14.000000,XRP,ask,914,100,45.7,91400
Upbit,2023-11-08,12:41:14.000000,XRP,ask,914,100,45.7,91400
Upbit,2023-11-08,12:41:07.000000,XRP,ask,914,100,45.7,91400
Upbit,2023-11-08,12:41:06.000000,XRP,ask,914,100,45.7,91400
Upbit,2023-11-08,12:41:05.000000,XRP,ask,914,100,45.7,91400
Upbit,2023-11-08,12:41:04.000000,XRP,ask,914,100,45.7,91400
Upbit,2023-11-08,12:41:03.000000,XRP,ask,914,100,45.7,91400
Upbit,2023-11-08,12:41:02.000000,XRP,ask,914,100,45.7,91400
Upbit,2023-11-08,12:41:01.000000,XRP,ask,914,100,45.7,91400
Upbit,2023-11-08,12:41:00.000000,XRP,ask,914,100,45.7,91400
Upbit,2023-11-08,12:40:59.000000,XRP,ask,914,100,45.7,91400
Upbit,2023-11-08,12:40:58.000000,XRP,ask,914,100,45.7,91400
Upbit,2023-11-08,12:40:57.000000,XRP,ask,914,100,45.7,91400
Upbit,2023-11-08,12:40:56.000000,XRP,ask,914,100,45.7,91400
Upbit,2023-11-08,12:40:56.000000,XRP,ask,914,100,45.7,91400
Upbit,2023-11-08,12:40:55.000000,XRP,ask,914,100,45.7,91400
Upbit,2023-11-08,12:40:54.000000,XRP,ask,914,100,45.7,91400
Upbit,2023-11-08,12:40:52.000000,XRP,ask,914,100,45.7,91400
Upbit,2023-11-08,12:40:51.000000,XRP,ask,914,100,45.7,91400
Upbit,2023-11-08,12:40:50.000000,XRP,ask,914,100,45.7,91400
Upbit,2023-11-08,12:40:49.000000,XRP,ask,914,100,45.7,91400
Upbit,2023-11-08,12:40:47.000000,XRP,ask,914,100,45.7,91400
Upbit,2023-11-08,12:40:46.000000,XRP,ask,914,100,45.7,91400
Upbit,2023-11-08,12:40:45.000000,XRP,ask,914,100,45.7,91400
Upbit,2023-11-08,12:40:44.000000,XRP,ask,914,100,45.7,91400
Upbit,2023-11-08,12:40:43.000000,XRP,ask,914,100,45.7,91400
Upbit,2023-11-08,12:40:42.000000,XRP,ask,914,100,45.7,91400
Upbit,2023-11-08,12:40:42.000000,XRP,ask,914,100,45.7,91400
Upbit,2023-11-08,12:39:04.000000,XRP,ask,914,100,45.7,91400
Upbit,2023-11-08,12:39:03.000000,XRP,ask,914,100,45.7,91400
Upbit,2023-11-08,12:39:02.000000,XRP,ask,914,100,45.7,91400
Upbit,2023-11-08,12:39:00.000000,XRP,ask,914,100,45.7,91400
Upbit,2023-11-08,12:38:56.000000,XRP,ask,914,100,45.7,91400
Upbit,2023-11-08,12:38:55.000000,XRP,ask,914,100,45.7,91400
Upbit,2023-11-08,12:38:54.000000,XRP,ask,914,100,45.7,91400
Upbit,2023-11-08,12:38:53.000000,XRP,ask,914,100,45.7,91400
Upbit,2023-11-08,12:38:52.000000,XRP,ask,914,100,45.7,91400
Upbit,2023-11-08,12:38:52.000000,XRP,ask,914,100,45.7,91400
bithumb,2023-11-08,12:41:16.939515,XRP,bid,913.1,100.0,0,91310
bithumb,2023-11-08,12:41:15.929549,XRP,bid,913.1,100.0,0,91310
bithumb,2023-11-08,12:41:15.118650,XRP,bid,913.1,100.0,0,91310
bithumb,2023-11-08,12:41:14.223615,XRP,bid,913.1,100.0,0,91310
bithumb,2023-11-08,12:41:07.315957,XRP,bid,913.1,100.0,0,91310
bithumb,2023-11-08,12:41:06.358760,XRP,bid,913.1,100.0,0,91310
bithumb,2023-11-08,12:41:05.424850,XRP,bid,913.1,100.0,0,91310
bithumb,2023-11-08,12:41:04.481925,XRP,bid,913.1,100.0,0,91310
bithumb,2023-11-08,12:41:03.578090,XRP,bid,913.1,100.0,0,91310
bithumb,2023-11-08,12:41:02.723947,XRP,bid,913.1,100.0,0,91310
bithumb,2023-11-08,12:41:01.866215,XRP,bid,913.1,100.0,0,91310
bithumb,2023-11-08,12:41:00.800825,XRP,bid,913.1,100.0,0,91310
bithumb,2023-11-08,12:40:59.822843,XRP,bid,913.1,100.0,0,91310
bithumb,2023-11-08,12:40:59.462291,XRP,ask,913,99.9999,0,91299
bithumb,2023-11-08,12:40:58.940602,XRP,bid,913.1,100.0,0,91310
bithumb,2023-11-08,12:40:58.574555,XRP,bid,913.1,99.9999,0,91309
bithumb,2023-11-08,12:40:58.074145,XRP,bid,913.1,100.0,0,91310
bithumb,2023-11-08,12:40:57.181751,XRP,bid,913.1,100.0,0,91310
bithumb,2023-11-08,12:40:56.276794,XRP,bid,913.1,100.0,0,91310
bithumb,2023-11-08,12:40:55.366804,XRP,bid,913.1,100.0,0,91310
Upbit,2023-11-08,12:39:01.000000,XRP,ask,914,100,45.7,91400
Upbit,2023-11-08,12:39:07.000000,XRP,ask,914,100,45.7,91400
Upbit,2023-11-08,13:34:55.000000,XRP,bid,911,1000,455.5,911000
Upbit,2023-11-08,12:39:08.000000,XRP,ask,914,100,45.7,91400
Upbit,2023-11-08,12:39:06.000000,XRP,ask,914,100,45.7,91400
Upbit,2023-11-08,12:39:05.000000,XRP,ask,914,100,45.7,91400
bithumb,2023-11-08,13:34:55.348344,XRP,ask,911.5,1000.0,0,911500
Upbit,2023-11-08,13:40:54.000000,XRP,ask,913,100,45.65,91300
Upbit,2023-11-08,13:40:53.000000,XRP,ask,913,100,45.65,91300
Upbit,2023-11-08,13:40:51.000000,XRP,ask,913,100,45.65,91300
bithumb,2023-11-08,13:40:54.367372,XRP,bid,912.2,100.0,0,91220
bithumb,2023-11-08,13:40:53.516484,XRP,bid,912.1,100.0,0,91210
bithumb,2023-11-08,13:40:51.979810,XRP,bid,912.1,100.0,0,91210
Upbit,2023-11-08,14:43:26.000000,XRP,ask,910,100,45.5,91000
Upbit,2023-11-08,14:43:25.000000,XRP,ask,910,100,45.5,91000
Upbit,2023-11-08,14:43:24.000000,XRP,ask,910,100,45.5,91000
Upbit,2023-11-08,14:43:22.000000,XRP,ask,910,100,45.5,91000
Upbit,2023-11-08,14:43:21.000000,XRP,ask,910,100,45.5,91000
Upbit,2023-11-08,14:43:20.000000,XRP,ask,910,100,45.5,91000
Upbit,2023-11-08,14:43:19.000000,XRP,ask,910,100,45.5,91000
Upbit,2023-11-08,14:43:18.000000,XRP,ask,910,100,45.5,91000
Upbit,2023-11-08,14:43:18.000000,XRP,ask,910,100,45.5,91000
Upbit,2023-11-08,14:43:17.000000,XRP,ask,910,100,45.5,91000
Upbit,2023-11-08,14:43:16.000000,XRP,ask,910,100,45.5,91000
Upbit,2023-11-08,14:43:15.000000,XRP,ask,910,100,45.5,91000
Upbit,2023-11-08,14:43:14.000000,XRP,ask,910,100,45.5,91000
Upbit,2023-11-08,14:43:14.000000,XRP,ask,910,100,45.5,91000
Upbit,2023-11-08,14:42:07.000000,XRP,ask,911,100,45.55,91100
bithumb,2023-11-08,14:43:26.675850,XRP,bid,909.1,100.0,0,90910
bithumb,2023-11-08,14:43:25.161302,XRP,bid,909.2,100.0,0,90920
bithumb,2023-11-08,14:43:24.484613,XRP,bid,909.1,100.0,0,90910
bithumb,2023-11-08,14:43:22.352292,XRP,bid,909.1,100.0,0,90910
bithumb,2023-11-08,14:43:21.610733,XRP,bid,909.1,100.0,0,90910
bithumb,2023-11-08,14:43:20.472930,XRP,bid,909.2,100.0,0,90920
bithumb,2023-11-08,14:43:20.165538,XRP,ask,908.9,99.9999,0,90889
bithumb,2023-11-08,14:43:19.730131,XRP,bid,909.1,100.0,0,90910
bithumb,2023-11-08,14:43:19.433242,XRP,bid,909.1,100.9999,0,91819
bithumb,2023-11-08,14:43:19.059517,XRP,bid,909.1,100.0,0,90910
bithumb,2023-11-08,14:43:18.289362,XRP,bid,909.1,100.0,0,90910
bithumb,2023-11-08,14:43:17.433213,XRP,bid,909.1,100.0,0,90910
bithumb,2023-11-08,14:43:16.631265,XRP,bid,909.1,89.9317,0,81756
bithumb,2023-11-08,14:43:16.631228,XRP,bid,909,10.0683,0,9152
bithumb,2023-11-08,14:43:15.796826,XRP,bid,909,100.0,0,90900
bithumb,2023-11-08,14:43:15.091542,XRP,bid,909.1,100.0,0,90910
bithumb,2023-11-08,14:43:14.319620,XRP,bid,909.1,100.0,0,90910
bithumb,2023-11-08,14:42:07.596982,XRP,bid,910.2,100.0,0,91020
Upbit,2023-11-08,14:54:21.000000,XRP,bid,905,1000,452.5,905000
bithumb,2023-11-08,14:54:21.833288,XRP,ask,905.5,1000.0,0,905500
Upbit,2023-11-08,15:32:23.000000,XRP,ask,908,100,45.4,90800
Upbit,2023-11-08,15:32:22.000000,XRP,ask,908,100,45.4,90800
Upbit,2023-11-08,15:32:21.000000,XRP,ask,908,100,45.4,90800
Upbit,2023-11-08,15:32:20.000000,XRP,ask,908,100,45.4,90800
Upbit,2023-11-08,15:31:39.000000,XRP,ask,907,100,45.35,90700
bithumb,2023-11-08,15:32:23.951609,XRP,bid,907.1,100.0,0,90710
bithumb,2023-11-08,15:32:22.489064,XRP,bid,907.1,100.0,0,90710
bithumb,2023-11-08,15:32:21.789176,XRP,bid,907.1,100.0,0,90710
bithumb,2023-11-08,15:32:20.835482,XRP,bid,907.1,100.0,0,90710
bithumb,2023-11-08,15:31:39.895692,XRP,bid,906.2,100.0,0,90620
Upbit,2023-11-08,15:38:59.000000,XRP,ask,910,100,45.5,91000
Upbit,2023-11-08,15:38:58.000000,XRP,ask,910,100,45.5,91000
Upbit,2023-11-08,15:38:54.000000,XRP,ask,910,100,45.5,91000
Upbit,2023-11-08,15:37:23.000000,XRP,ask,909,100,45.43078643472,90900
bithumb,2023-11-08,15:39:45.412272,XRP,ask,909.5,99.9997,0,90949
bithumb,2023-11-08,15:39:44.916283,XRP,bid,909.6,99.9998,0,90959
bithumb,2023-11-08,15:39:44.515629,XRP,bid,909.6,99.9998,0,90959
bithumb,2023-11-08,15:39:01.711962,XRP,ask,909.2,99.9999,0,90919
bithumb,2023-11-08,15:39:01.271476,XRP,ask,908.9,99.9999,0,90889
bithumb,2023-11-08,15:38:59.312715,XRP,bid,909.1,100.0,0,90910
bithumb,2023-11-08,15:38:59.026613,XRP,bid,909.1,99.9999,0,90909
bithumb,2023-11-08,15:38:58.600478,XRP,bid,909.2,99.99997166,0,90919
bithumb,2023-11-08,15:38:58.600424,XRP,bid,909.1,0.00002834,0,0
bithumb,2023-11-08,15:38:54.583611,XRP,bid,909.2,100.0,0,90920
bithumb,2023-11-08,15:37:24.107255,XRP,bid,908.1,100.0,0,90810
Upbit,2023-11-08,16:13:31.000000,XRP,ask,904,100,45.2,90400
Upbit,2023-11-08,16:13:28.000000,XRP,ask,905,100,45.25,90500
Upbit,2023-11-08,16:13:19.000000,XRP,ask,905,100,45.25,90500
Upbit,2023-11-08,16:13:19.000000,XRP,ask,905,100,45.25,90500
Upbit,2023-11-08,16:13:18.000000,XRP,ask,905,100,45.25,90500
Upbit,2023-11-08,16:05:52.000000,XRP,ask,906,100,45.3,90600
Upbit,2023-11-08,16:05:48.000000,XRP,ask,906,100,45.3,90600
Upbit,2023-11-08,16:05:47.000000,XRP,ask,906,100,45.3,90600
